2564 4986
437 780 845 847 lutrodnetim·
1131 780 1174 847 ll

182 965 331 1029 uanam
351 968 437 1048 igitur
456 971 757 1035 mensunusum
786 971 815 1035 iu
841 970 913 1033 llere
939 970 1109 1053 tetrasepulo
1130 986 1183 1051 est,

106 1064 205 1127 octo,
229 1054 259 1112 in
282 1053 451 1135 temsepato
475 1060 533 1129 ης
562 1058 591 1117 iu
613 1059 747 1138 exemplis
768 1056 947 1137 muraenulis
968 1068 1073 1130 autem,
1102 1076 1175 1138 qnae

106 1140 214 1217 cognita
237 1138 385 1212 babemus,
410 1139 479 1200 ordo
500 1143 645 1203 cuminum
662 1155 787 1223 quartus,
811 1161 860 1203 seu
877 1143 1002 1215 intimus,
1027 1162 1080 1202 nou
1098 1143 1176 1203 evol-

107 1226 189 1301 ritur,
211 1244 267 1305 quo
282 1225 326 1299 lit,
352 1238 383 1297 ut
402 1247 457 1286 non
480 1227 532 1287 nisi
547 1227 704 1289 besuudras
718 1229 825 1307 speeies
839 1228 1023 1307 tetrasepalas
1037 1229 1175 1290 invenias.

106 1308 332 1389 lshcuasepalis
355 1306 453 1371 uorem
474 1312 600 1390 perlecta
621 1314 743 1374 existunt
772 1315 845 1373 iuter
872 1312 1027 1387 duodecim,
1057 1315 1176 1374 stamina

107 1396 193 1475 quarti
226 1392 333 1455 ordinis
367 1395 529 1475 imperfecta
556 1409 621 1458 sunt
647 1398 822 1458 staminodia.
874 1396 1034 1458 Deficiente
1064 1400 1177 1459 omniuo

108 1477 225 1539 munda
247 1480 296 1539 illa
316 1481 461 1540 staminum
485 1485 620 1556 sectione,
645 1482 780 1543 tetrandri
803 1485 887 1543 liores
908 1493 938 1543 et
959 1481 1094 1543 bexandri
1107 1503 1174 1563 pro·

107 1566 227 1626 reniuut.
272 1563 431 1626 Deficiente
445 1568 579 1629 exteriori
595 1568 719 1629 sectione
737 1569 813 1628 lloris
835 1565 999 1647 enueaudri,
1023 1568 1176 1631 triandruut

109 1649 182 1711 sides
202 1651 315 1709 llorem.

188 1734 248 1795 b'bi
271 1735 335 1795 loco
356 1735 433 1795 limbi
456 1738 574 1796 staniina
604 1750 755 1797 nascuntur
783 1737 811 1797 in
839 1737 908 1797 flore
938 1735 1106 1817 bexasepalo
1127 1757 1177 1801 eu·

107 1819 240 1891 sundro,
265 1840 396 1880 numerus
416 1823 562 1882 staminum
586 1821 622 1882 ad
648 1830 686 1887 re
706 1834 835 1902 augetur,
859 1833 888 1882 et
918 1824 946 1882 in
974 1821 1018 1881 bis
1046 1820 1176 1903 denique,

107 1904 279 1965 minodiis
301 1906 383 1965 etiam
406 1909 496 1987 quarti
524 1906 629 1968 ordinis
651 1908 775 1986 perlecto
796 1908 954 1989 explicatis,
988 1913 1025 1970 18
1054 1908 1178 1987 regulari

107 2010 255 2071 progressu
284 1991 410 2051 oriuntur
443 1994 571 2053 stamina.
633 1993 715 2069 Quae
750 1994 823 2053 bunc
851 2010 994 2053 numerum
1025 1992 1176 2070 excedunt,

107 2077 256 2137 motnuoni
277 2076 424 2138 morbosae
444 2076 602 2158 tpibucnda.

186 2217 244 2272 17.
283 2209 375 2273 Adest
395 2212 423 2271 in
445 2215 519 2273 omni
540 2214 610 2274 llore
630 2212 754 2273 Laurino
768 2224 917 2294 apparatus
932 2209 1042 2294 qnidam
1057 2213 1175 2295 partium
1262 2280 1266 2295 ,

107 2295 244 2376 glandulis
267 2298 413 2370 similium,
444 2317 515 2378 quae
543 2300 571 2358 in
599 2299 737 2379 plenisque
765 2301 892 2377 getninae
913 2297 1075 2359 staminibus
1102 2300 1181 2365 tert‘d

108 2381 209 2442 ordinis
232 2380 373 2454 adiectae,
398 2384 546 2462 capitulum
568 2403 695 2465 parrum,
719 2402 917 2463 conpressum,
942 2384 987 2445 vel
999 2384 1177 2461 angulosum,

110 2469 214 2546 figurae
229 2469 339 2540 variae,
362 2469 533 2542 semiformis,
556 2469 869 2529 cordato-orbiculatae
890 2480 958 2551 ete,
982 2470 1048 2528 lutei
1063 2470 1177 2545 coloris,

108 2555 254 2634 superficie
268 2554 378 2631 glabre,
399 2555 545 2626 exhibent,
568 2557 715 2635 stipithne
730 2556 772 2613 rel
789 2557 876 2632 magis
892 2556 1015 2614 arsinusve
1029 2556 1179 2633 conspicuo

110 2640 241 2717 gaudent,
276 2639 320 2698 rel
354 2641 428 2697 omni
456 2640 548 2718 stipite
578 2652 706 2699 cesenates
733 2640 845 2698 sensiles
873 2638 1011 2699 dicuntur.
1057 2638 1178 2714 Quando

110 2726 196 2803 stipite
221 2724 284 2803 (qui
304 2741 416 2802 semper
429 2723 520 2783 breuis
541 2725 597 2803 est)
619 2726 779 2796 fulciuntur,
803 2725 912 2801 singulo
934 2727 1014 2785 trium
1030 2727 1176 2786 staminum

113 2811 182 2867 tertii
202 2808 310 2868 ordinis
333 2809 369 2867 ab
389 2821 505 2889 utroque
529 2811 616 2869 latere
638 2811 761 2888 proxime
777 2808 924 2880 accedunt,
948 2809 1006 2866 tubi
1029 2811 1177 2887 periantbii

116 2895 214 2952 ortam
227 2894 329 2953 ordine
350 2913 400 2953 suo
423 2896 578 2973 impositae.
625 2895 728 2953 Rarior
749 2905 840 2952 autem
864 2894 933 2952 baec
954 2896 1078 2952 occurrit
1099 2897 1179 2972 glen-

120 2977 234 3039 dularum
259 2982 351 3059 (quas
374 2981 537 3039 staminodia
560 2983 699 3058 geminata
721 2981 862 3059 appcllare
883 2977 994 3058 possis)
1017 2978 1118 3052 sedesc
1149 2982 1201 3051 in⁴

113 3064 247 3145 plerisque
272 3084 325 3144 par
344 3064 535 3143 glandularum
558 3067 700 3124 lilamento
721 3066 845 3125 staminis
873 3064 987 3124 buiusee
1016 3063 1121 3124 ordinis
1142 3065 1178 3125 ad

110 3147 197 3223 basia,
221 3150 268 3210 vel
291 3168 375 3228 supra
396 3150 487 3223 basin,
512 3151 555 3209 vel
578 3153 665 3229 magis
681 3152 824 3229 superiora
846 3169 943 3208 versus
964 3151 1036 3208 ultra
1060 3150 1177 3211 medium

109 3254 194 3313 usque
222 3253 319 3294 eornm
348 3233 547 3314 longitudinem
577 3237 715 3307 inliceret,
748 3236 841 3314 stipite
869 3235 981 3315 proprio
1008 3246 1064 3294 tum
1093 3255 1178 3317 saepe

109 3321 220 3378 minimo
241 3320 289 3378 uel
310 3321 395 3382 nullo.
441 3321 519 3394 Quas
542 3321 649 3401 quidem
672 3321 816 3397 glandulas
831 3340 891 3379 eum
908 3322 1039 3380 attentius
1054 3334 1178 3382 contem·

108 3403 204 3483 pletis,
228 3424 285 3464 nou
307 3406 418 3464 omnino
439 3403 561 3464 eiusdem
585 3425 648 3465 osae
668 3405 786 3479 ordinis,
820 3425 854 3464 ae
875 3405 949 3465 dicta
971 3407 1055 3466 seriei
1077 3409 1178 3468 tertiae

108 3490 239 3562 sumina,
263 3491 398 3562 inuenies,
423 3489 471 3549 scd
493 3493 634 3572 aliquanto
656 3492 744 3568 magis
760 3510 777 3549 a
792 3503 889 3550 centro
906 3493 1006 3550 remoti
1028 3511 1078 3552 seu
1099 3504 1181 3554 exte·

109 3575 192 3634 riortc
213 3573 409 3655 (quantumvis
431 3576 532 3654 exiguo
554 3574 664 3657 spatio)
685 3574 802 3639 ordinis.
847 3576 1006 3636 Probantur
1035 3576 1106 3637 baec
1127 3597 1175 3653 eo,

109 3658 181 3740 quod
196 3659 357 3739 glandulae,
380 3661 489 3720 etiamsi
504 3681 520 3722 e
536 3662 623 3722 latere
637 3659 733 3739 egredi
748 3660 894 3720 rideantur
914 3661 1060 3735 filamenti,
1085 3674 1178 3723 tamen

109 3755 189 3825 tergo
210 3747 283 3817 eius,
308 3746 328 3804 i.
349 3761 366 3803 e
387 3748 555 3820 extrorsum,
579 3746 749 3809 incumbunt.
799 3744 899 3825 Neque
921 3748 994 3805 inter
1015 3764 1046 3804 se
1069 3745 1178 3828 quidem

109 3829 210 3910 singuli
230 3832 309 3911 paris
329 3829 474 3909 glandulas
503 3830 624 3891 eiusdem
654 3831 758 3891 ordinis
788 3850 851 3890 esse
881 3843 967 3911 puto,
996 3829 1046 3890 sed
1075 3831 1179 3894 diversi

110 3925 139 3974 ct
158 3916 271 3979 alterni.
316 3914 385 3975 Vidi
407 3918 520 3991 etenim,
543 3916 589 3977 ubi
611 3916 703 3998 paullo
726 3916 845 3976 maiores
866 3927 930 3977 suut
950 3914 1005 3974 bae
1016 3915 1178 3994 glandulae,

111 4018 189 4061 uam
212 4012 300 4062 totam
322 4000 383 4060 lere
405 4021 421 4058 a
444 4013 524 4082 tergo
546 4001 748 4062 incumbentem
771 4001 924 4073 illamento,
948 4001 1067 4063 alteram
1090 4002 1179 4085 magis

111 4084 236 4147 alatere
258 4087 319 4146 eius
340 4086 471 4165 positam,
494 4088 642 4147 introrsum
665 4084 738 4147 istud
759 4087 982 4166 amplectentem.

193 4204 255 4266 Sex
282 4205 368 4283 igitur
394 4203 495 4265 adsunt
524 4206 552 4266 in
586 4207 656 4265 llere
692 4204 808 4264 normali
838 4202 985 4283 glandulae
1021 4204 1179 4283 geminatas

111 4305 215 4370 eaeque
235 4287 376 4350 secundae
397 4292 544 4350 staminum
565 4291 682 4351 sectioni
704 4291 793 4370 magis
821 4292 962 4349 exteriora
987 4308 1086 4349 versus
1112 4291 1179 4350 sub·

112 4375 274 4457 alternoque
295 4376 352 4436 situ
372 4373 546 4436 tribuendae.
592 4375 624 4435 lu
650 4376 746 4455 paucis
773 4374 909 4441 accedunt
937 4376 1085 4434 nonnullae
1105 4376 1180 4435 aliae

114 4457 261 4536 natutae
281 4458 397 4521 meandi
416 4460 462 4521 vel
484 4461 565 4541 primi
587 4478 695 4542 quoque
718 4457 823 4521 ordinis
841 4460 1014 4532 staminibus,
1037 4458 1086 4518 esd
1107 4462 1178 4521 istae
