2564 4986
10 39 988 315 -

616 540 622 573 l
709 564 713 581 ι

83 773 116 829 ts.
140 765 227 828 Neon.
246 765 314 847 (P.)
328 763 517 831 mansurus.
559 772 593 830 t.
617 765 1009 850 uest-(ttspuvunonu.
1062 769 1135 849 ξω

54 964 143 1014 extus
172 964 250 1015 totns
279 964 463 1024 tomentosse,
496 953 644 1011 interiores
673 955 814 1031 triangulo
840 966 1002 1021 tomentoso
1027 957 1130 1023 bassos

57 1050 185 1112 notnme,
202 1049 357 1112 caeterum,
377 1040 417 1098 uti
431 1055 527 1096 omnes
542 1039 659 1097 laciniae
674 1040 746 1098 intus
761 1051 791 1099 et
803 1041 938 1102 ontbcrae
951 1041 1133 1121 glondulnse·

56 1135 210 1204 punctatoe
231 1124 378 1202 asperulae
402 1135 432 1182 et
450 1123 686 1185 subtomentosoe.
736 1124 924 1186 Antberae
944 1128 1131 1205 subsessiles3

56 1229 111 1269 sex
127 1211 285 1270 exteriores
306 1208 501 1287 triangulares,
525 1208 600 1267 circa
614 1209 693 1269 basin
706 1211 854 1269 introrsum
869 1210 1129 1291 quadrilocellatse,

55 1294 171 1354 locellis
185 1298 214 1355 in
227 1312 295 1353 arcu
310 1294 491 1356 ninsncrsnti
505 1294 601 1372 positis
615 1295 709 1372 prrris
719 1295 973 1370 obcunte-lunatim
995 1300 1133 1362 aetheree

56 1391 120 1441 tres
134 1380 282 1443 interiores
297 1381 377 1460 apice
397 1379 454 1439 lnte
476 1389 505 1437 et
526 1377 812 1458 obtuseuiangntao,
837 1381 897 1440 bosi
916 1384 1131 1464 conice-ungu·

56 1475 163 1538 rtatac,
186 1467 314 1544 utrinqne
337 1463 525 1535 bilocellntae,
553 1463 661 1523 locellis
682 1465 1014 1545 evuli-snbrectnngnlis,
1038 1471 1132 1532 sltem

58 1551 151 1628 magis
173 1552 278 1621 antico,
302 1550 393 1611 altero
414 1550 503 1626 inagis
523 1551 643 1626 postico.
696 1550 910 1611 Glaodulae
938 1556 1130 1630 gminatae

56 1654 77 1693 a
92 1645 174 1715 tergo
195 1637 342 1695 staminum
364 1637 526 1695 interiorum
547 1645 684 1695 cornetae
698 1633 801 1694 discum
817 1634 1011 1721 glondnlpsnm
1031 1639 1131 1701 obtuse

57 1721 188 1781 conicum
209 1721 353 1792 exhibent,
377 1722 456 1780 cuins
477 1719 575 1783 dentes
597 1721 686 1779 conici
707 1719 798 1784 obtusi
829 1723 903 1781 inter
921 1725 1041 1787 mansion
1062 1744 1131 1785 con·

56 1806 188 1867 niventes
209 1804 435 1885 steminodiisque
457 1807 550 1884 quarti
577 1802 683 1865 ordinis
708 1805 888 1883 comparandi
917 1806 977 1867 tubi
997 1829 1030 1868 os
1043 1809 1131 1873 clm·

57 1888 141 1951 dent.
186 1890 362 1952 Ovarinm
383 1890 591 1967 subglobosnrn,
614 1891 694 1968 apice
715 1901 884 1955 attenuatum
900 1892 928 1951 in
942 1894 1045 1973 stylum
1063 1885 1132 1957 bre-¹

56 1995 124 2036 vem
144 1977 321 2056 asperolnm3
356 1978 490 2055 stignus
511 1972 835 2056 depresso-capitutum.
876 1976 1016 2056 Tempore
1038 1992 1129 2043 matu·

56 2063 152 2121 nitatis
173 2083 242 2122 unus
264 2064 426 2142 plerumque
447 2062 553 2120 fructus
582 2062 610 2121 in
632 2062 758 2138 panicula
779 2073 880 2135 restet,
909 2065 1062 2127 terminalia
1082 2067 1130 2127 vel

57 2146 285 2221 subtermioolis3
325 2147 549 2226 pedunculus
585 2147 728 2209 fruetus
759 2159 803 2207 est
835 2147 952 2225 rigidior
980 2137 1129 2212 eb'minun

58 2243 243 2294 tenentosns.
290 2232 429 2312 Cupula
451 2233 513 2290 lere
535 2230 658 2291 blineas
678 2233 749 2303 late,
773 2232 907 2311 profunde
922 2235 1127 2314 cyntbiiormio,

59 2316 328 2389 demo-truncata,
353 2318 493 2396 rugulusu,
524 2316 716 2393 glabrescens,
745 2318 837 2396 nigra.
880 2316 1001 2383 Bncen
1023 2323 1126 2398 oralis,

60 2404 263 2476 senonensium,
288 2405 385 2481 cupula
408 2402 491 2479 duplo
512 2402 630 2479 longior.

145 2488 363 2553 Adnolntio.
410 2487 567 2563 Singularis
589 2498 632 2544 est
654 2487 705 2544 tac
728 2487 754 2544 in
778 2488 871 2563 specie
893 2486 1040 2567 adspectus
1063 2509 1129 2568 grn-

58 2574 201 2646 nulorum,
224 2592 296 2653 quae
312 2573 396 2631 densa
414 2574 487 2629 serie
511 2572 691 2650 (pracsertim
714 2572 741 2628 in
765 2572 840 2630 soliis
862 2593 999 2632 ramorum
1023 2574 1130 2634 luxuri-

58 2659 181 2734 antium)
204 2671 308 2717 costam
333 2676 488 2735 nervosque
511 2657 631 2715 costales
652 2657 680 2712 in
702 2657 803 2734 pagina
832 2658 968 2736 superiori
990 2660 1127 2722 ambiunt.

59 2744 217 2804 Glandnlns
247 2762 309 2802 esse
338 2744 419 2801 facile
449 2741 499 2801 tibi
530 2740 719 2820 persuadebis,
750 2739 800 2800 sed
823 2743 979 2802 accuratius
1003 2744 1129 2824 inspecta

59 2827 173 2889 radices
194 2849 258 2888 esse
279 2829 441 2889 verulanum
465 2826 581 2886 tumidas
603 2843 767 2905 cognosces.

424 3098 759 3122 „ffl—

10 3396 12 3409 ,
62 3343 94 3397 i.
138 3335 391 3398 Nncrttunnn
425 3330 634 3416 (Pometia)
668 3331 926 3415 pulverulenta
952 3331 995 3393 N.
1026 3333 1062 3393 ab
1089 3330 1128 3394 Ε.

657 3454 671 3489 x

147 3502 189 3564 N.
215 3505 288 3565 loliis
309 3505 437 3583 oblongis
458 3516 556 3582 argute
578 3501 728 3583 cuspidatis
756 3502 815 3562 basi
844 3501 944 3571 acutis,
978 3501 1130 3562 iunioribus

66 3592 252 3671 periculisque
275 3592 435 3649 auillnribus
457 3591 584 3667 oblongis
607 3586 777 3669 tbyrsoideis
804 3588 907 3644 strictis
929 3585 997 3643 lolio
1020 3587 1130 3646 brevio-

68 3677 142 3736 ribus
174 3678 370 3756 pulverulento
385 3710 398 3723 -
414 3675 638 3754 pubescentibus,
674 3674 787 3732 lloribus
815 3683 897 3730 extus
925 3671 1009 3745 albis,
1045 3671 1131 3750 plenu

69 3780 212 3823 nervorum
236 3764 380 3822 costaliom
402 3761 542 3833 obsoleto,
565 3760 691 3819 sotheris
712 3758 850 3817 ovalibus.

147 3847 177 3906 ln
200 3847 327 3906 Andibus
350 3848 525 3916 Perusianis,
549 3845 695 3923 (Poeppig
720 3865 750 3902 n.
776 3837 893 3919 tint.)

148 3932 179 3993 Α
199 3933 379 3992 Neclnitdrt‘s
401 3932 580 4008 (Pomolt'r's)
603 3929 767 3988 canescenti
789 3937 819 3986 et
839 3929 1022 3985 Annianonnu
1048 3922 1130 3986 valde
1228 3976 1231 3983 .

72 4011 174 4078 lineri:
205 4019 385 4097 paniculis
408 4036 424 4075 e
446 4017 618 4093 superiorum
641 4014 769 4072 soliorum
797 4012 888 4071 axillis
916 4009 1128 4088 subinstigiatis,

73 4100 95 4159 in
114 4102 270 4182 pedunculo
292 4104 384 4162 rnlido
406 4103 538 4178 angrnlato
559 4101 684 4180 pollicari
715 4100 811 4157 stricto
840 4115 934 4175 parum
963 4094 1131 4173 pubescente

75 4190 160 4246 t-it
181 4189 298 4268 pollices
321 4189 410 4266 longis
432 4188 559 4263 oblongis
580 4186 624 4244 vel
648 4183 904 4260 orato-oblongis,
928 4179 1131 4258 pedicellis

75 4269 97 4327 in
117 4274 230 4333 romulis
251 4268 424 4333 brevissimis
444 4273 595 4352 cymulosis
617 4289 701 4348 saepe
723 4269 840 4345 geminis
855 4265 975 4324 ternisve
990 4261 1133 4349 d-stls,

76 4352 153 4416 linens
187 4359 298 4438 longis,
344 4359 564 4436 floribusque
602 4367 682 4415 entius
714 4355 799 4413 dense
836 4350 1133 4431 rubido-pubescenti·
