2564 4986
58 39 936 317 -
1087 114 1097 135 ι

383 774 435 831 tt).
480 765 690 830 Cinnamemum
712 760 911 851 sotptm's'rnn.
1044 793 1048 805 ·
1139 774 1186 841 bb

299 959 370 1018 an.
414 950 687 1019 enunnnonunr
716 948 981 1038 sulphuraturu.

195 1084 235 1149 C.
272 1089 358 1147 ramis
396 1090 549 1169 tetragonis
579 1090 746 1172 petiolisquc
780 1105 810 1152 et
846 1094 981 1174 paniculis
1018 1094 1182 1176 sulphureo·

108 1173 243 1245 sericeis,
272 1172 346 1233 iuliis
374 1177 463 1234 nuans
485 1175 649 1253 cllipticisve
676 1180 758 1258 apice
783 1178 862 1239 brevi
895 1180 995 1241 obtuso
1025 1183 1182 1261 prominula

108 1256 291 1339 ttiplincctiis
317 1257 414 1319 subtus
434 1261 602 1338 reticulatis,
631 1262 782 1322 iunioribus
812 1265 935 1325 minutim
964 1264 1177 1345 pubescentibus

108 1340 299 1423 superioribus
327 1344 490 1420 minoribus,
519 1347 656 1427 paniculis
684 1347 847 1409 axillas-ibus
875 1349 1077 1429 pedaneulatis,
1108 1351 1178 1412 laci·

111 1432 164 1489 aiis
185 1427 334 1508 periantbii
361 1430 496 1491 oralibua.
542 1431 583 1491 N.
607 1431 644 1490 ab
664 1431 701 1491 Ε.
726 1435 756 1492 ria
779 1433 873 1503 Wall.
894 1436 938 1513 pl.
961 1440 1019 1495 Aa.
1043 1455 1110 1499 rar.
1133 1434 1176 1499 ΙΙ.

109 1532 147 1595 p.
171 1519 226 1577 td.
254 1532 285 1572 a.
311 1518 341 1571 8.
387 1516 473 1576 Drior.
498 1513 557 1581 bot.
581 1516 690 1577 linta'sb.
716 1523 811 1578 tant.
834 1520 878 1579 11.
897 1540 933 1613 p.
959 1524 1033 1581 aab.
1274 1532 1277 1537 ⁴

261 1625 367 1679 harus
385 1627 494 1680 Cassiai
516 1635 708 1695 meretrcem

264 1694 369 1749 birrus
387 1695 603 1750 blalabatbrumt
640 1706 718 1753 Walt.
738 1706 796 1754 vet·
814 1714 843 1753 n.
862 1696 950 1752 2885.
968 1699 1003 1752 D.

192 1798 268 1862 var.
292 1798 327 1883 β.
352 1799 667 1881 0blongilolium3
696 1804 771 1866 loliis
800 1803 1006 1884 augustioribus
1033 1802 1175 1886 oblongis,

114 1884 290 1966 pubescentia
310 1878 478 1949 ramuloru-
500 1899 530 1947 et
550 1890 715 1969 peticionum
736 1909 753 1950 e
773 1890 848 1953 flavo
869 1890 1123 1953 conscenserat.
1138 1890 1177 1953 ab

113 1971 149 2034 d.
167 1972 198 2033 ἐκ
221 1969 313 2034 Wott.
332 1971 378 2049 pl.
400 1975 460 2032 As.
483 1988 549 2032 ror.
573 1975 631 2033 III.
650 1993 686 2054 p.
710 1981 764 2035 52.

264 2088 344 2137 watt-
363 2093 422 2139 cot.
439 2100 470 2139 rt.
488 2083 578 2139 9883.
598 2086 630 2139 p,

261 2151 463 2209 cimanum·
472 2153 629 2227 javaaicnm
644 2164 743 2213 atoma
759 2162 843 2224 ttudr.
857 2173 886 2249 ρ.Ι
905 2154 974 2247 879.

193 2253 263 2317 viti
283 2258 441 2339 exemplum
463 2278 480 2320 e
502 2260 594 2325 nort.
617 2262 787 2344 ttoynosnu
815 2292 859 2311 -·
885 2256 1174 2344 vennunculam

115 2338 210 2422 lancy
235 2340 396 2405 Bccambre
425 2350 507 2407 tana
539 2345 653 2411 tomus
686 2357 815 2411 onmtao
841 2347 912 2427 legit
940 2347 1020 2410 ent.
1049 2346 1171 2410 (iomar.

116 2423 181 2488 vili
201 2427 230 2487 in
251 2426 343 2491 ldcrb.
361 2428 564 2492 Wallicbiauo.

191 2562 371 2624 Cmuurnomt'
394 2563 550 2643 Zeylaut‘ca'
574 2582 641 2628 oar.
669 2558 705 2651 pl.
736 2563 808 2628 adeo
837 2580 961 2647 cangm
989 2564 1111 2647 species,
1139 2575 1172 2624 nt

115 2645 159 2706 tis
177 2643 341 2729 distinguas.
386 2647 510 2710 Diversa
532 2662 624 2712 tamen
644 2650 764 2712 videtur.
807 2650 913 2712 Rami
935 2652 1092 2731 tetragoni3
1121 2668 1170 2707 no·

115 2731 177 2792 aelli
204 2742 234 2794 ct
265 2735 390 2794 annotini
416 2736 543 2816 strigulis
578 2736 798 2796 subluriuraceia
825 2734 981 2816 sulphureis
1008 2731 1173 2795 micantibus

113 2818 222 2897 emicui,
242 2818 395 2879 adultiores
414 2822 531 2901 sparsim
552 2821 691 2901 puberuli.
735 2820 816 2880 Odor
832 2821 945 2879 corticis
961 2820 1030 2879 insci
1045 2830 1075 2877 et
1088 2836 1172 2897 sapor

114 2902 273 2964 clammond
310 2904 422 2964 debilis.
486 2906 651 2965 (iem-ae
690 2905 1015 2987 sulphureo-sericeas,
1053 2901 1168 2964 nitidae.

110 2980 211 3049 totis
231 3006 283 3069 per
302 2991 381 3068 paria
401 2991 605 3069 approximate,
633 2990 723 3052 forma
744 3001 775 3052 et
796 2988 983 3071 magnitudine
1009 2987 1119 3049 omnino
1140 2996 1172 3046 ut

112 3066 200 3132 dictae
221 3076 365 3134 uarietatis
386 3073 560 3135 Cianamomi
582 3075 740 3155 Zeylanici,
763 3075 875 3153 obtusa,
898 3076 943 3135 uel
963 3075 992 3134 in
1014 3073 1100 3134 breve
1120 3072 1171 3131 ob·

111 3166 252 3238 tasumqne
280 3177 395 3220 acumen
423 3172 579 3233 eontracta,
615 3161 675 3220 basi
702 3163 863 3241 plerumque
896 3160 1005 3233 obtusa,
1042 3158 1171 3237 utrinque

109 3243 210 3303 minute
236 3243 425 3323 pubescentia,
455 3246 672 3323 glaucescentia,
702 3247 798 3306 subtus
827 3245 928 3327 pallida
949 3244 984 3304 ad
1006 3262 1106 3303 nervos
1128 3241 1170 3301 di·

111 3328 238 3387 stinctius
259 3326 533 3409 barido-puberula,
557 3332 701 3402 trinervia,
726 3333 818 3391 neruis
839 3343 904 3391 ante
926 3330 1002 3389 basin
1026 3329 1081 3387 late
1102 3348 1170 3386 eou-

109 3412 266 3486 tnonntns,
301 3414 462 3475 lateralibus
497 3414 533 3474 ad
559 3417 665 3496 apicem
695 3416 756 3475 lere
787 3434 873 3495 usque
899 3416 1021 3475 extensis
1050 3424 1080 3472 et
1106 3432 1168 3472 cum

109 3494 198 3557 media
219 3509 298 3558 costa
319 3500 572 3573 concurrentibus,
595 3513 750 3561 extromum
772 3501 905 3560 arcuatim
927 3499 1056 3571 ramosis,
1085 3515 1169 3556 acce·

109 3580 175 3642 dunt
202 3584 230 3643 in
259 3584 397 3665 plerisque
419 3586 496 3644 nervi
517 3584 572 3644 duo
594 3585 694 3646 baseos
721 3587 810 3645 teneri
833 3606 896 3644 mox
924 3581 1052 3658 evanidi3
1081 3584 1168 3641 inter·

105 3669 181 3729 rnna
202 3671 336 3730 arcuatim
365 3689 480 3741 venosa,
509 3669 574 3730 lane
594 3671 751 3731 reticulata.
803 3669 906 3730 Pctioli
925 3670 990 3741 lati,
1014 3665 1166 3747 deplanati‚

108 3771 193 3832 supra
227 3754 346 3827 trisulci,
382 3755 723 3835 sulphureo-serimntes.
779 3754 979 3815 Paniculae
1009 3753 1037 3812 in
1066 3752 1170 3811 nostris

106 3855 201 3899 omnes
219 3839 362 3909 millenos,
385 3840 453 3900 lolia
473 3859 597 3920 quaeque
618 3862 668 3903 sua
688 3852 853 3920 aequantes,
876 3838 1026 3916 rigidulac‚
1041 3855 1077 3896 ex
1092 3838 1167 3896 omni

106 3934 196 4002 parte,
228 3924 392 4004 praesertim
422 3936 513 3985 autem
545 3929 573 3986 in
599 3926 741 4007 pedicellis
770 3937 802 3984 et
828 3926 856 3984 in
878 3923 1026 4003 superlicio
1054 3923 1164 3992 torum,

106 4005 191 4068 denas
212 4009 545 4091 sulphureo-scricantes
567 4011 775 4071 subtumuutosi.
821 4007 1168 4069 Pcduuculnseonnmunis

107 4084 472 4174 tetragona-eodapressusp
507 4098 576 4156 rami
599 4108 735 4177 puteutcs,
767 4095 929 4173 compressi,
956 4093 1103 4153 inferiores
1125 4090 1167 4150 bi·

105 4176 153 4239 idi
177 4180 363 4240 a-7·ttori
385 4183 510 4240 rariusve
524 4182 737 4263 subpauiculati,
761 4182 918 4260 superiores
939 4177 1050 4238 trillori.
1082 4174 1165 4234 Bra·

105 4263 251 4325 cteolac
282 4262 318 4324 ad
346 4265 425 4326 basin
446 4265 609 4327 divisionum
631 4280 816 4326 extremarum
845 4266 975 4342 exiguae,
1008 4260 1164 4330 subulamc,

105 4349 242 4410 scriem.
287 4348 414 4425 Floram,
444 4364 556 4432 praeter
577 4353 803 4430 integumentum,
832 4350 907 4410 trulla
935 4351 995 4408 lore
1022 4344 1168 4407 diversitas
