<?xml version="1.0" encoding="UTF-8"?>
<!DOCTYPE html PUBLIC "-//W3C//DTD XHTML 1.0 Transitional//EN"
    "http://www.w3.org/TR/xhtml1/DTD/xhtml1-transitional.dtd">
<html xmlns="http://www.w3.org/1999/xhtml" xml:lang="en" lang="en">
 <head>
  <title>
</title>
<meta http-equiv="Content-Type" content="text/html;charset=utf-8" />
  <meta name='ocr-system' content='tesseract 3.04.00' />
  <meta name='ocr-capabilities' content='ocr_page ocr_carea ocr_par ocr_line ocrx_word'/>
</head>
<body>
  <div class='ocr_page' id='page_1' title='image "./systemalaurinar00esengoog_0028.png"; bbox 0 0 2564 4986; ppageno 0'>
   <div class='ocr_carea' id='block_1_1' title="bbox 111 807 840 875">
    <p class='ocr_par' dir='ltr' id='par_1_1' title="bbox 111 807 840 875">
     <span class='ocr_line' id='line_1_1' title="bbox 111 807 840 875; baseline -0.003 0"><span class='ocrx_word' id='word_1_1' title='bbox 111 811 154 875; x_wconf 75' lang='lat' dir='ltr'><strong>te</strong></span> <span class='ocrx_word' id='word_1_2' title='bbox 447 807 840 874; x_wconf 80' lang='lat' dir='ltr'><strong>introductio.</strong></span> 
     </span>
    </p>
   </div>
   <div class='ocr_carea' id='block_1_2' title="bbox 105 996 1178 3309">
    <p class='ocr_par' dir='ltr' id='par_1_2' title="bbox 110 996 1177 1166">
     <span class='ocr_line' id='line_1_2' title="bbox 112 996 1177 1082; baseline -0.001 -19"><span class='ocrx_word' id='word_1_3' title='bbox 112 1013 168 1063; x_wconf 82' lang='lat' dir='ltr'><strong>tun</strong></span> <span class='ocrx_word' id='word_1_4' title='bbox 192 1018 280 1080; x_wconf 82' lang='lat' dir='ltr'><strong>acque</strong></span> <span class='ocrx_word' id='word_1_5' title='bbox 301 1003 458 1080; x_wconf 73' lang='lat' dir='ltr'><strong>geminam</strong></span> <span class='ocrx_word' id='word_1_6' title='bbox 480 1016 569 1082; x_wconf 79' lang='lat' dir='ltr'><strong>acque</strong></span> <span class='ocrx_word' id='word_1_7' title='bbox 588 1001 766 1081; x_wconf 77' lang='lat' dir='ltr'><strong>coniunctae,</strong></span> <span class='ocrx_word' id='word_1_8' title='bbox 794 996 846 1060; x_wconf 70' lang='grc' dir='ltr'><strong>κδ</strong></span> <span class='ocrx_word' id='word_1_9' title='bbox 874 1001 979 1082; x_wconf 85' lang='lat' dir='ltr'><strong>proprii</strong></span> <span class='ocrx_word' id='word_1_10' title='bbox 1008 997 1177 1064; x_wconf 70' lang='lat' dir='ltr'><strong>niominis</strong></span> 
     </span>
     <span class='ocr_line' id='line_1_3' title="bbox 110 1082 675 1166; baseline 0.005 -22"><span class='ocrx_word' id='word_1_11' title='bbox 110 1097 141 1145; x_wconf 87' lang='lat' dir='ltr'><strong>ct</strong></span> <span class='ocrx_word' id='word_1_12' title='bbox 161 1087 313 1146; x_wconf 80' lang='lat' dir='ltr'><strong>intervallis</strong></span> <span class='ocrx_word' id='word_1_13' title='bbox 333 1085 441 1146; x_wconf 87' lang='lat' dir='ltr'><strong>illorum</strong></span> <span class='ocrx_word' id='word_1_14' title='bbox 463 1082 675 1166; x_wconf 76' lang='lat' dir='ltr'><strong>respondentes.</strong></span> 
     </span>
    </p>

    <p class='ocr_par' dir='ltr' id='par_1_3' title="bbox 105 1185 1178 3309">
     <span class='ocr_line' id='line_1_4' title="bbox 195 1185 1176 1268; baseline -0.002 -20"><span class='ocrx_word' id='word_1_15' title='bbox 195 1192 241 1249; x_wconf 79' lang='lat' dir='ltr'><strong>ta.</strong></span> <span class='ocrx_word' id='word_1_16' title='bbox 289 1185 353 1246; x_wconf 85' lang='lat' dir='ltr'><strong>Nec</strong></span> <span class='ocrx_word' id='word_1_17' title='bbox 384 1186 504 1247; x_wconf 84' lang='lat' dir='ltr'><strong>stamina</strong></span> <span class='ocrx_word' id='word_1_18' title='bbox 530 1203 606 1259; x_wconf 86' lang='lat' dir='ltr'><strong>esse,</strong></span> <span class='ocrx_word' id='word_1_19' title='bbox 643 1202 733 1268; x_wconf 84' lang='lat' dir='ltr'><strong>neque</strong></span> <span class='ocrx_word' id='word_1_20' title='bbox 762 1186 887 1247; x_wconf 82' lang='lat' dir='ltr'><strong>nectaria</strong></span> <span class='ocrx_word' id='word_1_21' title='bbox 914 1186 984 1246; x_wconf 83' lang='lat' dir='ltr'><strong>baec</strong></span> <span class='ocrx_word' id='word_1_22' title='bbox 1011 1186 1176 1265; x_wconf 84' lang='lat' dir='ltr'><strong>corpuscula</strong></span> 
     </span>
     <span class='ocr_line' id='line_1_5' title="bbox 109 1267 1177 1352; baseline 0.001 -23"><span class='ocrx_word' id='word_1_23' title='bbox 109 1289 270 1352; x_wconf 84' lang='lat' dir='ltr'><strong>persuasum</strong></span> <span class='ocrx_word' id='word_1_24' title='bbox 286 1269 350 1348; x_wconf 86' lang='lat' dir='ltr'><strong>cst,</strong></span> <span class='ocrx_word' id='word_1_25' title='bbox 376 1272 429 1332; x_wconf 87' lang='lat' dir='ltr'><strong>etsi</strong></span> <span class='ocrx_word' id='word_1_26' title='bbox 451 1267 673 1331; x_wconf 83' lang='lat' dir='ltr'><strong>staminodla</strong></span> <span class='ocrx_word' id='word_1_27' title='bbox 704 1272 853 1351; x_wconf 87' lang='lat' dir='ltr'><strong>improprie</strong></span> <span class='ocrx_word' id='word_1_28' title='bbox 879 1268 994 1331; x_wconf 79' lang='lat' dir='ltr'><strong>dixeras.</strong></span> <span class='ocrx_word' id='word_1_29' title='bbox 1048 1270 1177 1331; x_wconf 82' lang='lat' dir='ltr'><strong>Stamina</strong></span> 
     </span>
     <span class='ocr_line' id='line_1_6' title="bbox 110 1355 1177 1437; baseline 0.002 -23"><span class='ocrx_word' id='word_1_30' title='bbox 110 1376 165 1415; x_wconf 87' lang='lat' dir='ltr'><strong>nou</strong></span> <span class='ocrx_word' id='word_1_31' title='bbox 187 1374 249 1415; x_wconf 87' lang='lat' dir='ltr'><strong>esse</strong></span> <span class='ocrx_word' id='word_1_32' title='bbox 270 1358 370 1436; x_wconf 83' lang='lat' dir='ltr'><strong>probat</strong></span> <span class='ocrx_word' id='word_1_33' title='bbox 390 1358 459 1417; x_wconf 82' lang='lat' dir='ltr'><strong>situs</strong></span> <span class='ocrx_word' id='word_1_34' title='bbox 480 1368 510 1416; x_wconf 87' lang='lat' dir='ltr'><strong>et</strong></span> <span class='ocrx_word' id='word_1_35' title='bbox 529 1365 619 1416; x_wconf 84' lang='lat' dir='ltr'><strong>statua</strong></span> <span class='ocrx_word' id='word_1_36' title='bbox 647 1355 837 1436; x_wconf 79' lang='lat' dir='ltr'><strong>imperfectus,</strong></span> <span class='ocrx_word' id='word_1_37' title='bbox 868 1373 949 1437; x_wconf 84' lang='lat' dir='ltr'><strong>quem</strong></span> <span class='ocrx_word' id='word_1_38' title='bbox 971 1355 1055 1415; x_wconf 84' lang='lat' dir='ltr'><strong>nlinrn</strong></span> <span class='ocrx_word' id='word_1_39' title='bbox 1082 1358 1177 1437; x_wconf 85' lang='lat' dir='ltr'><strong>perle-</strong></span> 
     </span>
     <span class='ocr_line' id='line_1_7' title="bbox 111 1436 1175 1522; baseline 0 -22"><span class='ocrx_word' id='word_1_40' title='bbox 111 1441 281 1518; x_wconf 72' lang='lat' dir='ltr'><strong>ctiorcm⁴(i.</strong></span> <span class='ocrx_word' id='word_1_41' title='bbox 303 1462 330 1500; x_wconf 87' lang='lat' dir='ltr'><strong>c.</strong></span> <span class='ocrx_word' id='word_1_42' title='bbox 354 1436 471 1501; x_wconf 72' lang='lat' dir='ltr'><strong>&#39;stamina</strong></span> <span class='ocrx_word' id='word_1_43' title='bbox 494 1442 568 1502; x_wconf 87' lang='lat' dir='ltr'><strong>tertii</strong></span> <span class='ocrx_word' id='word_1_44' title='bbox 583 1438 700 1522; x_wconf 84' lang='lat' dir='ltr'><strong>ordinis)</strong></span> <span class='ocrx_word' id='word_1_45' title='bbox 722 1441 801 1522; x_wconf 82' lang='lat' dir='ltr'><strong>acqui</strong></span> <span class='ocrx_word' id='word_1_46' title='bbox 822 1457 877 1501; x_wconf 89' lang='lat' dir='ltr'><strong>non</strong></span> <span class='ocrx_word' id='word_1_47' title='bbox 897 1440 1051 1520; x_wconf 87' lang='lat' dir='ltr'><strong>interrupto</strong></span> <span class='ocrx_word' id='word_1_48' title='bbox 1064 1440 1175 1516; x_wconf 87' lang='lat' dir='ltr'><strong>ordine,</strong></span> 
     </span>
     <span class='ocr_line' id='line_1_8' title="bbox 109 1524 1176 1606; baseline 0 -21"><span class='ocrx_word' id='word_1_49' title='bbox 109 1526 274 1585; x_wconf 71' lang='lat' dir='ltr'><strong>evolationis</strong></span> <span class='ocrx_word' id='word_1_50' title='bbox 298 1527 404 1605; x_wconf 81' lang='lat' dir='ltr'><strong>legibus</strong></span> <span class='ocrx_word' id='word_1_51' title='bbox 425 1537 469 1586; x_wconf 86' lang='lat' dir='ltr'><strong>est</strong></span> <span class='ocrx_word' id='word_1_52' title='bbox 490 1527 670 1586; x_wconf 86' lang='lat' dir='ltr'><strong>contrarium.</strong></span> <span class='ocrx_word' id='word_1_53' title='bbox 714 1524 852 1586; x_wconf 82' lang='lat' dir='ltr'><strong>Nectaria</strong></span> <span class='ocrx_word' id='word_1_54' title='bbox 873 1544 927 1585; x_wconf 88' lang='lat' dir='ltr'><strong>non</strong></span> <span class='ocrx_word' id='word_1_55' title='bbox 948 1535 1023 1598; x_wconf 80' lang='lat' dir='ltr'><strong>sunt,</strong></span> <span class='ocrx_word' id='word_1_56' title='bbox 1047 1527 1176 1606; x_wconf 83' lang='lat' dir='ltr'><strong>quoniam</strong></span> 
     </span>
     <span class='ocr_line' id='line_1_9' title="bbox 110 1609 1177 1687; baseline 0.001 -17"><span class='ocrx_word' id='word_1_57' title='bbox 110 1623 208 1670; x_wconf 85' lang='lat' dir='ltr'><strong>nectar</strong></span> <span class='ocrx_word' id='word_1_58' title='bbox 229 1630 282 1671; x_wconf 88' lang='lat' dir='ltr'><strong>non</strong></span> <span class='ocrx_word' id='word_1_59' title='bbox 304 1611 440 1683; x_wconf 78' lang='lat' dir='ltr'><strong>iundttnt3</strong></span> <span class='ocrx_word' id='word_1_60' title='bbox 469 1623 524 1671; x_wconf 89' lang='lat' dir='ltr'><strong>tnm</strong></span> <span class='ocrx_word' id='word_1_61' title='bbox 548 1609 625 1670; x_wconf 88' lang='lat' dir='ltr'><strong>locus</strong></span> <span class='ocrx_word' id='word_1_62' title='bbox 646 1611 729 1670; x_wconf 87' lang='lat' dir='ltr'><strong>ctiam</strong></span> <span class='ocrx_word' id='word_1_63' title='bbox 751 1609 901 1687; x_wconf 78' lang='lat' dir='ltr'><strong>singularis</strong></span> <span class='ocrx_word' id='word_1_64' title='bbox 921 1621 966 1669; x_wconf 88' lang='lat' dir='ltr'><strong>est</strong></span> <span class='ocrx_word' id='word_1_65' title='bbox 987 1611 1061 1669; x_wconf 89' lang='lat' dir='ltr'><strong>inter</strong></span> <span class='ocrx_word' id='word_1_66' title='bbox 1080 1612 1177 1671; x_wconf 86' lang='lat' dir='ltr'><strong>stami-</strong></span> 
     </span>
     <span class='ocr_line' id='line_1_10' title="bbox 109 1695 1177 1775; baseline -0.002 -20"><span class='ocrx_word' id='word_1_67' title='bbox 109 1716 174 1756; x_wconf 88' lang='lat' dir='ltr'><strong>num</strong></span> <span class='ocrx_word' id='word_1_68' title='bbox 196 1699 295 1756; x_wconf 84' lang='lat' dir='ltr'><strong>series.</strong></span> <span class='ocrx_word' id='word_1_69' title='bbox 339 1697 438 1758; x_wconf 81' lang='lat' dir='ltr'><strong>Massa</strong></span> <span class='ocrx_word' id='word_1_70' title='bbox 459 1713 476 1756; x_wconf 92' lang='lat' dir='ltr'><strong>e</strong></span> <span class='ocrx_word' id='word_1_71' title='bbox 498 1697 583 1755; x_wconf 85' lang='lat' dir='ltr'><strong>meris</strong></span> <span class='ocrx_word' id='word_1_72' title='bbox 603 1695 710 1755; x_wconf 88' lang='lat' dir='ltr'><strong>cellulis</strong></span> <span class='ocrx_word' id='word_1_73' title='bbox 738 1697 841 1755; x_wconf 85' lang='lat' dir='ltr'><strong>texitur</strong></span> <span class='ocrx_word' id='word_1_74' title='bbox 868 1695 1080 1774; x_wconf 77' lang='lat' dir='ltr'>irregularibus,</span> <span class='ocrx_word' id='word_1_75' title='bbox 1110 1714 1177 1775; x_wconf 72' lang='lat' dir='ltr'><strong>gra·</strong></span> 
     </span>
     <span class='ocr_line' id='line_1_11' title="bbox 109 1779 1177 1855; baseline 0 -14"><span class='ocrx_word' id='word_1_76' title='bbox 109 1781 182 1841; x_wconf 89' lang='lat' dir='ltr'><strong>unlis</strong></span> <span class='ocrx_word' id='word_1_77' title='bbox 203 1782 316 1841; x_wconf 69' lang='lat' dir='ltr'><strong>reiculis</strong></span> <span class='ocrx_word' id='word_1_78' title='bbox 336 1795 366 1842; x_wconf 89' lang='lat' dir='ltr'><strong>et</strong></span> <span class='ocrx_word' id='word_1_79' title='bbox 389 1781 546 1840; x_wconf 82' lang='lat' dir='ltr'><strong>membrana</strong></span> <span class='ocrx_word' id='word_1_80' title='bbox 568 1782 705 1840; x_wconf 88' lang='lat' dir='ltr'><strong>communi</strong></span> <span class='ocrx_word' id='word_1_81' title='bbox 727 1780 856 1842; x_wconf 74' lang='lat' dir='ltr'><strong>obtectis.</strong></span> <span class='ocrx_word' id='word_1_82' title='bbox 892 1779 991 1855; x_wconf 76' lang='lat' dir='ltr'><strong>¹Quae</strong></span> <span class='ocrx_word' id='word_1_83' title='bbox 1012 1782 1078 1840; x_wconf 83' lang='lat' dir='ltr'><strong>nnibi</strong></span> <span class='ocrx_word' id='word_1_84' title='bbox 1100 1784 1177 1841; x_wconf 84' lang='lat' dir='ltr'><strong>circa</strong></span> 
     </span>
     <span class='ocr_line' id='line_1_12' title="bbox 108 1863 1178 1945; baseline 0.002 -20"><span class='ocrx_word' id='word_1_85' title='bbox 108 1865 180 1926; x_wconf 90' lang='lat' dir='ltr'><strong>bace</strong></span> <span class='ocrx_word' id='word_1_86' title='bbox 201 1883 269 1926; x_wconf 82' lang='lat' dir='ltr'><strong>vcro</strong></span> <span class='ocrx_word' id='word_1_87' title='bbox 290 1869 401 1945; x_wconf 90' lang='lat' dir='ltr'><strong>propius</strong></span> <span class='ocrx_word' id='word_1_88' title='bbox 423 1865 559 1926; x_wconf 77' lang='lat' dir='ltr'><strong>accedere</strong></span> <span class='ocrx_word' id='word_1_89' title='bbox 580 1865 726 1925; x_wconf 83' lang='lat' dir='ltr'><strong>videantur</strong></span> <span class='ocrx_word' id='word_1_90' title='bbox 747 1883 894 1945; x_wconf 76' lang='lat' dir='ltr'><strong>exponam.</strong></span> <span class='ocrx_word' id='word_1_91' title='bbox 931 1864 1054 1925; x_wconf 86' lang='lat' dir='ltr'><strong>Peracto</strong></span> <span class='ocrx_word' id='word_1_92' title='bbox 1075 1863 1178 1944; x_wconf 89' lang='lat' dir='ltr'><strong>duplici</strong></span> 
     </span>
     <span class='ocr_line' id='line_1_13' title="bbox 107 1950 1178 2035; baseline 0.002 -25"><span class='ocrx_word' id='word_1_93' title='bbox 107 1950 256 2033; x_wconf 86' lang='lat' dir='ltr'><strong>perinntbii</strong></span> <span class='ocrx_word' id='word_1_94' title='bbox 277 1953 478 2033; x_wconf 74' lang='lat' dir='ltr'><strong>stominunnpne</strong></span> <span class='ocrx_word' id='word_1_95' title='bbox 499 1953 603 2031; x_wconf 78' lang='lat' dir='ltr'><strong>primae</strong></span> <span class='ocrx_word' id='word_1_96' title='bbox 621 1951 752 2010; x_wconf 75' lang='lat' dir='ltr'><strong>sectionis</strong></span> <span class='ocrx_word' id='word_1_97' title='bbox 766 1950 860 2030; x_wconf 84' lang='lat' dir='ltr'><strong>cyclo,</strong></span> <span class='ocrx_word' id='word_1_98' title='bbox 882 1961 1001 2031; x_wconf 79' lang='lat' dir='ltr'><strong>quatuor</strong></span> <span class='ocrx_word' id='word_1_99' title='bbox 1022 1950 1178 2035; x_wconf 85' lang='lat' dir='ltr'><strong>(bisbinis)</strong></span> 
     </span>
     <span class='ocr_line' id='line_1_14' title="bbox 108 2037 1177 2119; baseline 0 -24"><span class='ocrx_word' id='word_1_100' title='bbox 108 2037 253 2095; x_wconf 80' lang='lat' dir='ltr'><strong>rcrticillis</strong></span> <span class='ocrx_word' id='word_1_101' title='bbox 275 2038 431 2116; x_wconf 76' lang='lat' dir='ltr'><strong>complexo,</strong></span> <span class='ocrx_word' id='word_1_102' title='bbox 456 2055 526 2096; x_wconf 82' lang='lat' dir='ltr'><strong>noca</strong></span> <span class='ocrx_word' id='word_1_103' title='bbox 548 2037 626 2116; x_wconf 87' lang='lat' dir='ltr'><strong>qnasi</strong></span> <span class='ocrx_word' id='word_1_104' title='bbox 647 2037 772 2096; x_wconf 85' lang='lat' dir='ltr'><strong>exoritur</strong></span> <span class='ocrx_word' id='word_1_105' title='bbox 793 2037 935 2114; x_wconf 81' lang='lat' dir='ltr'><strong>cyclorum</strong></span> <span class='ocrx_word' id='word_1_106' title='bbox 958 2037 1057 2109; x_wconf 88' lang='lat' dir='ltr'><strong>series,</strong></span> <span class='ocrx_word' id='word_1_107' title='bbox 1088 2054 1103 2095; x_wconf 86' lang='lat' dir='ltr'><strong>a</strong></span> <span class='ocrx_word' id='word_1_108' title='bbox 1126 2056 1177 2119; x_wconf 78' lang='lat' dir='ltr'><strong>pe·</strong></span> 
     </span>
     <span class='ocr_line' id='line_1_15' title="bbox 108 2121 1175 2200; baseline 0.002 -19"><span class='ocrx_word' id='word_1_109' title='bbox 108 2123 230 2181; x_wconf 87' lang='lat' dir='ltr'><strong>rinntbio</strong></span> <span class='ocrx_word' id='word_1_110' title='bbox 252 2142 324 2180; x_wconf 87' lang='lat' dir='ltr'><strong>novo</strong></span> <span class='ocrx_word' id='word_1_111' title='bbox 346 2123 489 2200; x_wconf 86' lang='lat' dir='ltr'><strong>incipiens.</strong></span> <span class='ocrx_word' id='word_1_112' title='bbox 534 2121 624 2180; x_wconf 88' lang='lat' dir='ltr'><strong>llnius</strong></span> <span class='ocrx_word' id='word_1_113' title='bbox 647 2133 739 2180; x_wconf 87' lang='lat' dir='ltr'><strong>autem</strong></span> <span class='ocrx_word' id='word_1_114' title='bbox 756 2121 898 2192; x_wconf 80' lang='lat' dir='ltr'><strong>verticiili,</strong></span> <span class='ocrx_word' id='word_1_115' title='bbox 921 2131 1016 2200; x_wconf 90' lang='lat' dir='ltr'><strong>utpote</strong></span> <span class='ocrx_word' id='word_1_116' title='bbox 1037 2124 1175 2183; x_wconf 89' lang='lat' dir='ltr'><strong>communi</strong></span> 
     </span>
     <span class='ocr_line' id='line_1_16' title="bbox 109 2205 1175 2285; baseline 0.001 -18"><span class='ocrx_word' id='word_1_117' title='bbox 109 2206 232 2267; x_wconf 82' lang='lat' dir='ltr'><strong>eiusdem</strong></span> <span class='ocrx_word' id='word_1_118' title='bbox 254 2208 331 2267; x_wconf 87' lang='lat' dir='ltr'><strong>llnris</strong></span> <span class='ocrx_word' id='word_1_119' title='bbox 351 2208 455 2265; x_wconf 82' lang='lat' dir='ltr'><strong>ambitu</strong></span> <span class='ocrx_word' id='word_1_120' title='bbox 476 2207 679 2285; x_wconf 79' lang='lat' dir='ltr'><strong>circumscripti</strong></span> <span class='ocrx_word' id='word_1_121' title='bbox 706 2219 736 2266; x_wconf 88' lang='lat' dir='ltr'><strong>et</strong></span> <span class='ocrx_word' id='word_1_122' title='bbox 756 2205 905 2265; x_wconf 86' lang='lat' dir='ltr'><strong>universali</strong></span> <span class='ocrx_word' id='word_1_123' title='bbox 927 2207 986 2265; x_wconf 90' lang='lat' dir='ltr'><strong>cius</strong></span> <span class='ocrx_word' id='word_1_124' title='bbox 1016 2208 1175 2268; x_wconf 75' lang='lat' dir='ltr'><strong>evolutione</strong></span> 
     </span>
     <span class='ocr_line' id='line_1_17' title="bbox 108 2291 1175 2373; baseline 0 -21"><span class='ocrx_word' id='word_1_125' title='bbox 108 2294 188 2373; x_wconf 79' lang='lat' dir='ltr'><strong>quasi</strong></span> <span class='ocrx_word' id='word_1_126' title='bbox 208 2291 344 2371; x_wconf 75' lang='lat' dir='ltr'><strong>absorpti,</strong></span> <span class='ocrx_word' id='word_1_127' title='bbox 363 2293 459 2371; x_wconf 84' lang='lat' dir='ltr'><strong>perlici</strong></span> <span class='ocrx_word' id='word_1_128' title='bbox 481 2311 534 2351; x_wconf 89' lang='lat' dir='ltr'><strong>non</strong></span> <span class='ocrx_word' id='word_1_129' title='bbox 556 2303 682 2371; x_wconf 86' lang='lat' dir='ltr'><strong>possunt,</strong></span> <span class='ocrx_word' id='word_1_130' title='bbox 706 2310 757 2350; x_wconf 89' lang='lat' dir='ltr'><strong>nec</strong></span> <span class='ocrx_word' id='word_1_131' title='bbox 780 2292 831 2350; x_wconf 89' lang='lat' dir='ltr'><strong>nisi</strong></span> <span class='ocrx_word' id='word_1_132' title='bbox 853 2292 948 2368; x_wconf 88' lang='lat' dir='ltr'><strong>primis</strong></span> <span class='ocrx_word' id='word_1_133' title='bbox 979 2293 1060 2351; x_wconf 89' lang='lat' dir='ltr'><strong>lincis</strong></span> <span class='ocrx_word' id='word_1_134' title='bbox 1079 2292 1175 2354; x_wconf 86' lang='lat' dir='ltr'><strong>adum-</strong></span> 
     </span>
     <span class='ocr_line' id='line_1_18' title="bbox 108 2374 1175 2455; baseline 0.003 -19"><span class='ocrx_word' id='word_1_135' title='bbox 108 2375 181 2437; x_wconf 84' lang='lat' dir='ltr'><strong>brati</strong></span> <span class='ocrx_word' id='word_1_136' title='bbox 201 2388 361 2437; x_wconf 87' lang='lat' dir='ltr'><strong>cernuntur.</strong></span> <span class='ocrx_word' id='word_1_137' title='bbox 407 2375 643 2451; x_wconf 84' lang='lat' dir='ltr'><strong>Quemadmodum</strong></span> <span class='ocrx_word' id='word_1_138' title='bbox 674 2388 765 2435; x_wconf 80' lang='lat' dir='ltr'><strong>autem</strong></span> <span class='ocrx_word' id='word_1_139' title='bbox 788 2377 815 2434; x_wconf 91' lang='lat' dir='ltr'><strong>in</strong></span> <span class='ocrx_word' id='word_1_140' title='bbox 838 2374 1018 2455; x_wconf 84' lang='lat' dir='ltr'><strong>quibusdam,</strong></span> <span class='ocrx_word' id='word_1_141' title='bbox 1040 2397 1069 2436; x_wconf 81' lang='lat' dir='ltr'><strong>v.</strong></span> <span class='ocrx_word' id='word_1_142' title='bbox 1094 2398 1122 2441; x_wconf 89' lang='lat' dir='ltr'><strong>c.</strong></span> <span class='ocrx_word' id='word_1_143' title='bbox 1147 2381 1175 2439; x_wconf 89' lang='lat' dir='ltr'><strong>in</strong></span> 
     </span>
     <span class='ocr_line' id='line_1_19' title="bbox 110 2459 1176 2540; baseline 0.004 -19"><span class='ocrx_word' id='word_1_144' title='bbox 110 2463 304 2522; x_wconf 77' lang='lat' dir='ltr'><strong>Tctrcatlcm</strong></span> <span class='ocrx_word' id='word_1_145' title='bbox 332 2463 449 2540; x_wconf 86' lang='lat' dir='ltr'><strong>opctolo</strong></span> <span class='ocrx_word' id='word_1_146' title='bbox 476 2481 503 2522; x_wconf 87' lang='lat' dir='ltr'><strong>a.</strong></span> <span class='ocrx_word' id='word_1_147' title='bbox 534 2459 732 2539; x_wconf 78' lang='lat' dir='ltr'><strong>lionburgbri&#39;,</strong></span> <span class='ocrx_word' id='word_1_148' title='bbox 768 2461 843 2520; x_wconf 85' lang='lat' dir='ltr'><strong>limbi</strong></span> <span class='ocrx_word' id='word_1_149' title='bbox 876 2471 970 2540; x_wconf 85' lang='lat' dir='ltr'><strong>pnrtcs</strong></span> <span class='ocrx_word' id='word_1_150' title='bbox 999 2463 1028 2520; x_wconf 89' lang='lat' dir='ltr'><strong>in</strong></span> <span class='ocrx_word' id='word_1_151' title='bbox 1056 2466 1176 2525; x_wconf 82' lang='lat' dir='ltr'><strong>stamina</strong></span> 
     </span>
     <span class='ocr_line' id='line_1_20' title="bbox 107 2545 1175 2624; baseline 0.003 -17"><span class='ocrx_word' id='word_1_152' title='bbox 107 2558 215 2607; x_wconf 66' lang='lat' dir='ltr'><strong>urnula</strong></span> <span class='ocrx_word' id='word_1_153' title='bbox 235 2545 371 2624; x_wconf 86' lang='lat' dir='ltr'><strong>videmus,</strong></span> <span class='ocrx_word' id='word_1_154' title='bbox 398 2549 440 2607; x_wconf 89' lang='lat' dir='ltr'><strong>sie</strong></span> <span class='ocrx_word' id='word_1_155' title='bbox 466 2548 537 2606; x_wconf 85' lang='lat' dir='ltr'><strong>istuc</strong></span> <span class='ocrx_word' id='word_1_156' title='bbox 558 2548 624 2606; x_wconf 85' lang='lat' dir='ltr'><strong>novi</strong></span> <span class='ocrx_word' id='word_1_157' title='bbox 645 2546 723 2606; x_wconf 80' lang='lat' dir='ltr'><strong>limbi</strong></span> <span class='ocrx_word' id='word_1_158' title='bbox 746 2546 874 2617; x_wconf 84' lang='lat' dir='ltr'><strong>laciniae,</strong></span> <span class='ocrx_word' id='word_1_159' title='bbox 898 2545 1059 2607; x_wconf 79' lang='lat' dir='ltr'><strong>staminibus</strong></span> <span class='ocrx_word' id='word_1_160' title='bbox 1081 2548 1175 2610; x_wconf 80' lang='lat' dir='ltr'><strong>diser·</strong></span> 
     </span>
     <span class='ocr_line' id='line_1_21' title="bbox 107 2632 1175 2711; baseline 0.003 -20"><span class='ocrx_word' id='word_1_161' title='bbox 107 2652 200 2693; x_wconf 80' lang='lat' dir='ltr'><strong>surum</strong></span> <span class='ocrx_word' id='word_1_162' title='bbox 217 2633 370 2692; x_wconf 73' lang='lat' dir='ltr'><strong>coctionum</strong></span> <span class='ocrx_word' id='word_1_163' title='bbox 386 2633 560 2705; x_wconf 87' lang='lat' dir='ltr'><strong>interiectae,</strong></span> <span class='ocrx_word' id='word_1_164' title='bbox 584 2650 636 2691; x_wconf 89' lang='lat' dir='ltr'><strong>nee</strong></span> <span class='ocrx_word' id='word_1_165' title='bbox 656 2633 773 2690; x_wconf 84' lang='lat' dir='ltr'><strong>stamina</strong></span> <span class='ocrx_word' id='word_1_166' title='bbox 795 2632 868 2700; x_wconf 89' lang='lat' dir='ltr'><strong>lieri,</strong></span> <span class='ocrx_word' id='word_1_167' title='bbox 892 2650 981 2711; x_wconf 85' lang='lat' dir='ltr'><strong>neque</strong></span> <span class='ocrx_word' id='word_1_168' title='bbox 994 2634 1101 2711; x_wconf 83' lang='lat' dir='ltr'><strong>sepnla,</strong></span> <span class='ocrx_word' id='word_1_169' title='bbox 1125 2635 1175 2694; x_wconf 91' lang='lat' dir='ltr'><strong>sed</strong></span> 
     </span>
     <span class='ocr_line' id='line_1_22' title="bbox 106 2716 1172 2797; baseline 0.003 -21"><span class='ocrx_word' id='word_1_170' title='bbox 106 2719 135 2777; x_wconf 87' lang='lat' dir='ltr'><strong>itt</strong></span> <span class='ocrx_word' id='word_1_171' title='bbox 148 2719 274 2778; x_wconf 86' lang='lat' dir='ltr'><strong>-lantinns</strong></span> <span class='ocrx_word' id='word_1_172' title='bbox 300 2719 478 2797; x_wconf 75' lang='lat' dir='ltr'><strong>imperfectas</strong></span> <span class='ocrx_word' id='word_1_173' title='bbox 507 2736 557 2777; x_wconf 82' lang='lat' dir='ltr'><strong>seu</strong></span> <span class='ocrx_word' id='word_1_174' title='bbox 585 2716 751 2775; x_wconf 81' lang='lat' dir='ltr'><strong>staminodia</strong></span> <span class='ocrx_word' id='word_1_175' title='bbox 781 2717 920 2775; x_wconf 81' lang='lat' dir='ltr'><strong>inferioris</strong></span> <span class='ocrx_word' id='word_1_176' title='bbox 949 2718 1065 2795; x_wconf 81' lang='lat' dir='ltr'><strong>originis</strong></span> <span class='ocrx_word' id='word_1_177' title='bbox 1093 2720 1172 2779; x_wconf 83' lang='lat' dir='ltr'><strong>abire</strong></span> 
     </span>
     <span class='ocr_line' id='line_1_23' title="bbox 105 2801 1174 2881; baseline 0.001 -18"><span class='ocrx_word' id='word_1_178' title='bbox 105 2821 222 2863; x_wconf 81' lang='lat' dir='ltr'><strong>neeesse</strong></span> <span class='ocrx_word' id='word_1_179' title='bbox 243 2814 297 2863; x_wconf 80' lang='lat' dir='ltr'><strong>cst.</strong></span> <span class='ocrx_word' id='word_1_180' title='bbox 341 2802 437 2881; x_wconf 79' lang='lat' dir='ltr'><strong>Magis</strong></span> <span class='ocrx_word' id='word_1_181' title='bbox 466 2802 537 2861; x_wconf 82' lang='lat' dir='ltr'><strong>baec</strong></span> <span class='ocrx_word' id='word_1_182' title='bbox 558 2803 642 2861; x_wconf 86' lang='lat' dir='ltr'><strong>etiam</strong></span> <span class='ocrx_word' id='word_1_183' title='bbox 664 2801 804 2872; x_wconf 77' lang='lat' dir='ltr'><strong>arrident,</strong></span> <span class='ocrx_word' id='word_1_184' title='bbox 835 2801 859 2860; x_wconf 90' lang='lat' dir='ltr'><strong>si</strong></span> <span class='ocrx_word' id='word_1_185' title='bbox 881 2801 1099 2874; x_wconf 77' lang='lat' dir='ltr'><strong>consideramus,</strong></span> <span class='ocrx_word' id='word_1_186' title='bbox 1123 2827 1174 2865; x_wconf 91' lang='lat' dir='ltr'><strong>no·</strong></span> 
     </span>
     <span class='ocr_line' id='line_1_24' title="bbox 106 2887 1172 2967; baseline 0.004 -21"><span class='ocrx_word' id='word_1_187' title='bbox 106 2908 169 2948; x_wconf 74' lang='lat' dir='ltr'><strong>sum</strong></span> <span class='ocrx_word' id='word_1_188' title='bbox 192 2891 385 2967; x_wconf 82' lang='lat' dir='ltr'><strong>inversumque</strong></span> <span class='ocrx_word' id='word_1_189' title='bbox 408 2889 435 2946; x_wconf 90' lang='lat' dir='ltr'><strong>in</strong></span> <span class='ocrx_word' id='word_1_190' title='bbox 456 2889 549 2947; x_wconf 87' lang='lat' dir='ltr'><strong>multis</strong></span> <span class='ocrx_word' id='word_1_191' title='bbox 572 2887 704 2966; x_wconf 79' lang='lat' dir='ltr'><strong>posthaec</strong></span> <span class='ocrx_word' id='word_1_192' title='bbox 731 2887 836 2946; x_wconf 84' lang='lat' dir='ltr'><strong>intrare</strong></span> <span class='ocrx_word' id='word_1_193' title='bbox 864 2888 1010 2946; x_wconf 83' lang='lat' dir='ltr'><strong>stantinum</strong></span> <span class='ocrx_word' id='word_1_194' title='bbox 1033 2889 1172 2962; x_wconf 86' lang='lat' dir='ltr'><strong>ordinem,</strong></span> 
     </span>
     <span class='ocr_line' id='line_1_25' title="bbox 106 2972 1173 3054; baseline 0.003 -22"><span class='ocrx_word' id='word_1_195' title='bbox 106 2973 183 3034; x_wconf 85' lang='lat' dir='ltr'><strong>euius</strong></span> <span class='ocrx_word' id='word_1_196' title='bbox 205 2974 261 3033; x_wconf 90' lang='lat' dir='ltr'><strong>bini</strong></span> <span class='ocrx_word' id='word_1_197' title='bbox 284 2973 426 3043; x_wconf 83' lang='lat' dir='ltr'><strong>verticilli,</strong></span> <span class='ocrx_word' id='word_1_198' title='bbox 449 2973 496 3032; x_wconf 87' lang='lat' dir='ltr'><strong>ubi</strong></span> <span class='ocrx_word' id='word_1_199' title='bbox 517 2974 711 3051; x_wconf 80' lang='lat' dir='ltr'><strong>perficiuntur,</strong></span> <span class='ocrx_word' id='word_1_200' title='bbox 743 2992 803 3030; x_wconf 83' lang='lat' dir='ltr'><strong>cunt</strong></span> <span class='ocrx_word' id='word_1_201' title='bbox 827 2972 913 3030; x_wconf 87' lang='lat' dir='ltr'><strong>limbo</strong></span> <span class='ocrx_word' id='word_1_202' title='bbox 936 2972 985 3035; x_wconf 84' lang='lat' dir='ltr'><strong>ttto</strong></span> <span class='ocrx_word' id='word_1_203' title='bbox 1005 2975 1173 3054; x_wconf 83' lang='lat' dir='ltr'><strong>incompleta</strong></span> 
     </span>
     <span class='ocr_line' id='line_1_26' title="bbox 107 3056 1174 3138; baseline 0.002 -20"><span class='ocrx_word' id='word_1_204' title='bbox 107 3060 177 3118; x_wconf 82' lang='lat' dir='ltr'><strong>ulios</strong></span> <span class='ocrx_word' id='word_1_205' title='bbox 191 3071 309 3138; x_wconf 84' lang='lat' dir='ltr'><strong>quatuor</strong></span> <span class='ocrx_word' id='word_1_206' title='bbox 323 3059 473 3117; x_wconf 80' lang='lat' dir='ltr'><strong>verticillos</strong></span> <span class='ocrx_word' id='word_1_207' title='bbox 488 3058 566 3138; x_wconf 83' lang='lat' dir='ltr'><strong>quasi</strong></span> <span class='ocrx_word' id='word_1_208' title='bbox 588 3058 663 3116; x_wconf 87' lang='lat' dir='ltr'><strong>iloris</strong></span> <span class='ocrx_word' id='word_1_209' title='bbox 685 3057 825 3115; x_wconf 85' lang='lat' dir='ltr'><strong>interioris</strong></span> <span class='ocrx_word' id='word_1_210' title='bbox 846 3056 990 3130; x_wconf 78' lang='lat' dir='ltr'><strong>exbibcnt,</strong></span> <span class='ocrx_word' id='word_1_211' title='bbox 1012 3077 1062 3117; x_wconf 90' lang='lat' dir='ltr'><strong>sen</strong></span> <span class='ocrx_word' id='word_1_212' title='bbox 1077 3062 1174 3120; x_wconf 84' lang='lat' dir='ltr'><strong>llnrcnn</strong></span> 
     </span>
     <span class='ocr_line' id='line_1_27' title="bbox 107 3140 1171 3223; baseline 0 -18"><span class='ocrx_word' id='word_1_213' title='bbox 107 3145 269 3223; x_wconf 80' lang='lat' dir='ltr'><strong>imperiecte</strong></span> <span class='ocrx_word' id='word_1_214' title='bbox 291 3142 473 3212; x_wconf 82' lang='lat' dir='ltr'><strong>bexandrunr,</strong></span> <span class='ocrx_word' id='word_1_215' title='bbox 503 3143 560 3215; x_wconf 78' lang='lat' dir='ltr'><strong>rel,</strong></span> <span class='ocrx_word' id='word_1_216' title='bbox 590 3141 637 3200; x_wconf 91' lang='lat' dir='ltr'><strong>ubi</strong></span> <span class='ocrx_word' id='word_1_217' title='bbox 663 3142 778 3200; x_wconf 87' lang='lat' dir='ltr'><strong>interior</strong></span> <span class='ocrx_word' id='word_1_218' title='bbox 797 3140 866 3200; x_wconf 92' lang='lat' dir='ltr'><strong>ordo</strong></span> <span class='ocrx_word' id='word_1_219' title='bbox 888 3140 976 3213; x_wconf 86' lang='lat' dir='ltr'><strong>deest,</strong></span> <span class='ocrx_word' id='word_1_220' title='bbox 1007 3143 1171 3222; x_wconf 73' lang='lat' dir='ltr'><strong>tridudum,</strong></span> 
     </span>
     <span class='ocr_line' id='line_1_28' title="bbox 108 3226 1072 3309; baseline -0.001 -20"><span class='ocrx_word' id='word_1_221' title='bbox 108 3230 197 3309; x_wconf 77' lang='lat' dir='ltr'><strong>qualis</strong></span> <span class='ocrx_word' id='word_1_222' title='bbox 219 3249 248 3288; x_wconf 81' lang='lat' dir='ltr'><strong>r.</strong></span> <span class='ocrx_word' id='word_1_223' title='bbox 275 3248 302 3288; x_wconf 91' lang='lat' dir='ltr'><strong>c.</strong></span> <span class='ocrx_word' id='word_1_224' title='bbox 325 3229 354 3289; x_wconf 93' lang='lat' dir='ltr'><strong>in</strong></span> <span class='ocrx_word' id='word_1_225' title='bbox 375 3227 565 3288; x_wconf 77' lang='lat' dir='ltr'><strong>Ertdtbndrue</strong></span> <span class='ocrx_word' id='word_1_226' title='bbox 585 3245 689 3306; x_wconf 76' lang='lat' dir='ltr'><strong>genere</strong></span> <span class='ocrx_word' id='word_1_227' title='bbox 709 3226 876 3286; x_wconf 76' lang='lat' dir='ltr'><strong>lirowniano</strong></span> <span class='ocrx_word' id='word_1_228' title='bbox 899 3228 1072 3307; x_wconf 83' lang='lat' dir='ltr'><strong>relinquitur.</strong></span> 
     </span>
    </p>
   </div>
   <div class='ocr_carea' id='block_1_3' title="bbox 107 3339 1171 3680">
    <p class='ocr_par' dir='ltr' id='par_1_4' title="bbox 107 3339 1171 3680">
     <span class='ocr_line' id='line_1_29' title="bbox 196 3339 1171 3425; baseline 0 -16"><span class='ocrx_word' id='word_1_229' title='bbox 196 3353 245 3409; x_wconf 77' lang='lat' dir='ltr'><strong>te.</strong></span> <span class='ocrx_word' id='word_1_230' title='bbox 282 3345 350 3404; x_wconf 81' lang='lat' dir='ltr'><strong>Flos</strong></span> <span class='ocrx_word' id='word_1_231' title='bbox 380 3346 473 3424; x_wconf 86' lang='lat' dir='ltr'><strong>itnqnc</strong></span> <span class='ocrx_word' id='word_1_232' title='bbox 500 3339 687 3406; x_wconf 82' lang='lat' dir='ltr'><strong>Laurinarunr</strong></span> <span class='ocrx_word' id='word_1_233' title='bbox 717 3364 733 3403; x_wconf 88' lang='lat' dir='ltr'><strong>e</strong></span> <span class='ocrx_word' id='word_1_234' title='bbox 764 3348 882 3405; x_wconf 78' lang='lat' dir='ltr'><strong>maxime</strong></span> <span class='ocrx_word' id='word_1_235' title='bbox 912 3346 1088 3425; x_wconf 79' lang='lat' dir='ltr'><strong>regularibus</strong></span> <span class='ocrx_word' id='word_1_236' title='bbox 1116 3359 1171 3424; x_wconf 86' lang='lat' dir='ltr'><strong>est,</strong></span> 
     </span>
     <span class='ocr_line' id='line_1_30' title="bbox 107 3429 1170 3511; baseline 0.002 -19"><span class='ocrx_word' id='word_1_237' title='bbox 107 3430 261 3511; x_wconf 80' lang='lat' dir='ltr'><strong>eademque</strong></span> <span class='ocrx_word' id='word_1_238' title='bbox 281 3431 458 3508; x_wconf 86' lang='lat' dir='ltr'><strong>symmetrica</strong></span> <span class='ocrx_word' id='word_1_239' title='bbox 481 3430 543 3506; x_wconf 82' lang='lat' dir='ltr'><strong>lege</strong></span> <span class='ocrx_word' id='word_1_240' title='bbox 558 3441 743 3504; x_wconf 78' lang='lat' dir='ltr'><strong>constructus,</strong></span> <span class='ocrx_word' id='word_1_241' title='bbox 768 3429 883 3509; x_wconf 86' lang='lat' dir='ltr'><strong>discpali</strong></span> <span class='ocrx_word' id='word_1_242' title='bbox 905 3433 959 3489; x_wconf 90' lang='lat' dir='ltr'><strong>sint</strong></span> <span class='ocrx_word' id='word_1_243' title='bbox 980 3433 1109 3491; x_wconf 74' lang='lat' dir='ltr'><strong>verticilli</strong></span> <span class='ocrx_word' id='word_1_244' title='bbox 1125 3434 1170 3494; x_wconf 81' lang='lat' dir='ltr'><strong>vel</strong></span> 
     </span>
     <span class='ocr_line' id='line_1_31' title="bbox 107 3515 1171 3598; baseline 0.004 -22"><span class='ocrx_word' id='word_1_245' title='bbox 107 3519 243 3596; x_wconf 81' lang='lat' dir='ltr'><strong>trisepali.</strong></span> <span class='ocrx_word' id='word_1_246' title='bbox 294 3516 407 3575; x_wconf 88' lang='lat' dir='ltr'><strong>Tertius</strong></span> <span class='ocrx_word' id='word_1_247' title='bbox 434 3534 544 3594; x_wconf 84' lang='lat' dir='ltr'><strong>semper</strong></span> <span class='ocrx_word' id='word_1_248' title='bbox 572 3517 660 3593; x_wconf 89' lang='lat' dir='ltr'><strong>primo</strong></span> <span class='ocrx_word' id='word_1_249' title='bbox 691 3515 839 3594; x_wconf 85' lang='lat' dir='ltr'><strong>respondet</strong></span> <span class='ocrx_word' id='word_1_250' title='bbox 859 3517 1026 3589; x_wconf 74' lang='lat' dir='ltr'><strong>verticillus,</strong></span> <span class='ocrx_word' id='word_1_251' title='bbox 1056 3531 1171 3598; x_wconf 74' lang='lat' dir='ltr'><strong>quantas</strong></span> 
     </span>
     <span class='ocr_line' id='line_1_32' title="bbox 107 3599 985 3680; baseline 0 -18"><span class='ocrx_word' id='word_1_252' title='bbox 107 3614 199 3662; x_wconf 83' lang='lat' dir='ltr'><strong>nutem</strong></span> <span class='ocrx_word' id='word_1_253' title='bbox 221 3601 353 3661; x_wconf 86' lang='lat' dir='ltr'><strong>secundo.</strong></span> <span class='ocrx_word' id='word_1_254' title='bbox 400 3599 523 3659; x_wconf 79' lang='lat' dir='ltr'><strong>Abortus</strong></span> <span class='ocrx_word' id='word_1_255' title='bbox 546 3601 730 3680; x_wconf 84' lang='lat' dir='ltr'><strong>peripberiunt</strong></span> <span class='ocrx_word' id='word_1_256' title='bbox 754 3621 850 3660; x_wconf 80' lang='lat' dir='ltr'><strong>versus</strong></span> <span class='ocrx_word' id='word_1_257' title='bbox 872 3602 985 3680; x_wconf 78' lang='lat' dir='ltr'><strong>ingruit.</strong></span> 
     </span>
    </p>
   </div>
   <div class='ocr_carea' id='block_1_4' title="bbox 107 3700 1176 4291">
    <p class='ocr_par' dir='ltr' id='par_1_5' title="bbox 107 3700 1176 4291">
     <span class='ocr_line' id='line_1_33' title="bbox 192 3700 1174 3785; baseline 0.002 -23"><span class='ocrx_word' id='word_1_258' title='bbox 192 3709 247 3764; x_wconf 78' lang='lat'><strong>20.</strong></span> <span class='ocrx_word' id='word_1_259' title='bbox 291 3703 350 3763; x_wconf 85' lang='lat' dir='ltr'><strong>vot</strong></span> <span class='ocrx_word' id='word_1_260' title='bbox 374 3700 675 3781; x_wconf 79' lang='lat' dir='ltr'><strong>hermaphroditi</strong></span> <span class='ocrx_word' id='word_1_261' title='bbox 706 3703 879 3767; x_wconf 79' lang='lat' dir='ltr'><strong>suntilores</strong></span> <span class='ocrx_word' id='word_1_262' title='bbox 901 3702 1028 3776; x_wconf 88' lang='lat' dir='ltr'><strong>Laurini,</strong></span> <span class='ocrx_word' id='word_1_263' title='bbox 1053 3703 1097 3763; x_wconf 85' lang='lat' dir='ltr'><strong>vel</strong></span> <span class='ocrx_word' id='word_1_264' title='bbox 1119 3725 1174 3785; x_wconf 92' lang='lat' dir='ltr'><strong>po·</strong></span> 
     </span>
     <span class='ocr_line' id='line_1_34' title="bbox 108 3785 1173 3871; baseline 0.003 -23"><span class='ocrx_word' id='word_1_265' title='bbox 108 3789 259 3871; x_wconf 73' lang='lat' dir='ltr'><strong>lygami,</strong></span> <span class='ocrx_word' id='word_1_266' title='bbox 291 3788 335 3846; x_wconf 81' lang='lat' dir='ltr'><strong>vcl</strong></span> <span class='ocrx_word' id='word_1_267' title='bbox 359 3785 507 3857; x_wconf 88' lang='lat' dir='ltr'><strong>diclini‚</strong></span> <span class='ocrx_word' id='word_1_268' title='bbox 542 3798 572 3846; x_wconf 91' lang='lat' dir='ltr'><strong>et</strong></span> <span class='ocrx_word' id='word_1_269' title='bbox 600 3787 714 3844; x_wconf 87' lang='lat' dir='ltr'><strong>istorum</strong></span> <span class='ocrx_word' id='word_1_270' title='bbox 737 3785 844 3865; x_wconf 86' lang='lat' dir='ltr'><strong>quidem</strong></span> <span class='ocrx_word' id='word_1_271' title='bbox 870 3788 932 3847; x_wconf 81' lang='lat' dir='ltr'><strong>aliis</strong></span> <span class='ocrx_word' id='word_1_272' title='bbox 954 3789 1066 3847; x_wconf 79' lang='lat' dir='ltr'><strong>scutinei</strong></span> <span class='ocrx_word' id='word_1_273' title='bbox 1088 3808 1173 3851; x_wconf 77' lang='lat' dir='ltr'><strong>sexus</strong></span> 
     </span>
     <span class='ocr_line' id='line_1_35' title="bbox 107 3872 1171 3944; baseline 0.002 -12"><span class='ocrx_word' id='word_1_274' title='bbox 107 3873 261 3933; x_wconf 80' lang='lat' dir='ltr'><strong>rudimenta</strong></span> <span class='ocrx_word' id='word_1_275' title='bbox 283 3874 309 3931; x_wconf 94' lang='lat' dir='ltr'><strong>in</strong></span> <span class='ocrx_word' id='word_1_276' title='bbox 333 3873 455 3930; x_wconf 87' lang='lat' dir='ltr'><strong>mnscnlo</strong></span> <span class='ocrx_word' id='word_1_277' title='bbox 477 3874 546 3931; x_wconf 91' lang='lat' dir='ltr'><strong>llore</strong></span> <span class='ocrx_word' id='word_1_278' title='bbox 568 3890 700 3930; x_wconf 86' lang='lat' dir='ltr'><strong>concessa</strong></span> <span class='ocrx_word' id='word_1_279' title='bbox 722 3883 796 3944; x_wconf 88' lang='lat' dir='ltr'><strong>sunt,</strong></span> <span class='ocrx_word' id='word_1_280' title='bbox 827 3875 888 3931; x_wconf 82' lang='lat' dir='ltr'><strong>aliis</strong></span> <span class='ocrx_word' id='word_1_281' title='bbox 916 3874 1026 3932; x_wconf 68' lang='lat' dir='ltr'><strong>somnino</strong></span> <span class='ocrx_word' id='word_1_282' title='bbox 1048 3872 1171 3941; x_wconf 85' lang='lat' dir='ltr'><strong>ademta.</strong></span> 
     </span>
     <span class='ocr_line' id='line_1_36' title="bbox 107 3957 1169 4035; baseline 0.002 -18"><span class='ocrx_word' id='word_1_283' title='bbox 107 3958 240 4018; x_wconf 72' lang='lat' dir='ltr'><strong>l&#39;cmineo</strong></span> <span class='ocrx_word' id='word_1_284' title='bbox 271 3958 332 4016; x_wconf 89' lang='lat' dir='ltr'><strong>llori</strong></span> <span class='ocrx_word' id='word_1_285' title='bbox 368 3958 514 4016; x_wconf 85' lang='lat' dir='ltr'><strong>staminum</strong></span> <span class='ocrx_word' id='word_1_286' title='bbox 542 3957 652 4032; x_wconf 76' lang='lat' dir='ltr'><strong>vestiga</strong></span> <span class='ocrx_word' id='word_1_287' title='bbox 685 3974 820 4032; x_wconf 83' lang='lat' dir='ltr'><strong>ttttnquntu</strong></span> <span class='ocrx_word' id='word_1_288' title='bbox 855 3977 890 4016; x_wconf 78' lang='lat' dir='ltr'><strong>ex</strong></span> <span class='ocrx_word' id='word_1_289' title='bbox 919 3958 1027 4035; x_wconf 84' lang='lat' dir='ltr'><strong>integro</strong></span> <span class='ocrx_word' id='word_1_290' title='bbox 1058 3958 1169 4034; x_wconf 84' lang='lat' dir='ltr'><strong>desunt,</strong></span> 
     </span>
     <span class='ocr_line' id='line_1_37' title="bbox 107 4038 1175 4123; baseline 0.002 -20"><span class='ocrx_word' id='word_1_291' title='bbox 107 4056 214 4103; x_wconf 83' lang='lat' dir='ltr'><strong>restant</strong></span> <span class='ocrx_word' id='word_1_292' title='bbox 234 4061 344 4120; x_wconf 87' lang='lat' dir='ltr'><strong>semper</strong></span> <span class='ocrx_word' id='word_1_293' title='bbox 365 4043 457 4123; x_wconf 83' lang='lat' dir='ltr'><strong>aliqua</strong></span> <span class='ocrx_word' id='word_1_294' title='bbox 485 4042 683 4100; x_wconf 85' lang='lat' dir='ltr'><strong>lllntnentotum</strong></span> <span class='ocrx_word' id='word_1_295' title='bbox 707 4038 807 4101; x_wconf 83' lang='lat' dir='ltr'><strong>indicia</strong></span> <span class='ocrx_word' id='word_1_296' title='bbox 839 4056 867 4102; x_wconf 87' lang='lat' dir='ltr'><strong>et</strong></span> <span class='ocrx_word' id='word_1_297' title='bbox 893 4041 1057 4103; x_wconf 80' lang='lat' dir='ltr'><strong>stantinodin</strong></span> <span class='ocrx_word' id='word_1_298' title='bbox 1084 4045 1175 4122; x_wconf 81' lang='lat' dir='ltr'><strong>gont·</strong></span> 
     </span>
     <span class='ocr_line' id='line_1_38' title="bbox 108 4124 1170 4208; baseline 0.001 -20"><span class='ocrx_word' id='word_1_299' title='bbox 108 4141 185 4191; x_wconf 82' lang='lat' dir='ltr'><strong>rtnta.</strong></span> <span class='ocrx_word' id='word_1_300' title='bbox 233 4128 383 4197; x_wconf 82' lang='lat' dir='ltr'><strong>Pistillnm,</strong></span> <span class='ocrx_word' id='word_1_301' title='bbox 416 4138 546 4205; x_wconf 85' lang='lat' dir='ltr'><strong>qnantum</strong></span> <span class='ocrx_word' id='word_1_302' title='bbox 579 4126 667 4205; x_wconf 88' lang='lat' dir='ltr'><strong>primo</strong></span> <span class='ocrx_word' id='word_1_303' title='bbox 696 4124 791 4184; x_wconf 88' lang='lat' dir='ltr'><strong>obtutu</strong></span> <span class='ocrx_word' id='word_1_304' title='bbox 818 4129 1009 4206; x_wconf 80' lang='lat' dir='ltr'><strong>assequimur,</strong></span> <span class='ocrx_word' id='word_1_305' title='bbox 1041 4128 1170 4208; x_wconf 80' lang='lat' dir='ltr'><strong>simplex,</strong></span> 
     </span>
     <span class='ocr_line' id='line_1_39' title="bbox 108 4210 1176 4291; baseline 0.001 -18"><span class='ocrx_word' id='word_1_306' title='bbox 108 4234 157 4273; x_wconf 88' lang='lat' dir='ltr'><strong>seu</strong></span> <span class='ocrx_word' id='word_1_307' title='bbox 186 4233 223 4273; x_wconf 82' lang='lat' dir='ltr'><strong>cx</strong></span> <span class='ocrx_word' id='word_1_308' title='bbox 249 4235 303 4274; x_wconf 88' lang='lat' dir='ltr'><strong>uno</strong></span> <span class='ocrx_word' id='word_1_309' title='bbox 334 4215 456 4289; x_wconf 86' lang='lat' dir='ltr'><strong>carpello</strong></span> <span class='ocrx_word' id='word_1_310' title='bbox 486 4220 633 4282; x_wconf 84' lang='lat' dir='ltr'><strong>constans,</strong></span> <span class='ocrx_word' id='word_1_311' title='bbox 668 4210 694 4268; x_wconf 87' lang='lat' dir='ltr'><strong>in</strong></span> <span class='ocrx_word' id='word_1_312' title='bbox 727 4212 852 4272; x_wconf 85' lang='lat' dir='ltr'><strong>omnibns</strong></span> <span class='ocrx_word' id='word_1_313' title='bbox 884 4214 957 4291; x_wconf 83' lang='lat' dir='ltr'><strong>stylo</strong></span> <span class='ocrx_word' id='word_1_314' title='bbox 985 4213 1113 4272; x_wconf 88' lang='lat' dir='ltr'><strong>distincto</strong></span> <span class='ocrx_word' id='word_1_315' title='bbox 1144 4228 1176 4274; x_wconf 88' lang='lat' dir='ltr'><strong>et</strong></span> 
     </span>
    </p>
   </div>
   <div class='ocr_carea' id='block_1_5' title="bbox 109 4295 1174 4465">
    <p class='ocr_par' dir='ltr' id='par_1_6' title="bbox 109 4295 1174 4465">
     <span class='ocr_line' id='line_1_40' title="bbox 109 4295 1173 4380; baseline 0.002 -24"><span class='ocrx_word' id='word_1_316' title='bbox 109 4301 237 4375; x_wconf 67' lang='lat' dir='ltr'><strong>stigmate</strong></span> <span class='ocrx_word' id='word_1_317' title='bbox 269 4299 415 4358; x_wconf 84' lang='lat' dir='ltr'><strong>latiusculn</strong></span> <span class='ocrx_word' id='word_1_318' title='bbox 447 4295 570 4354; x_wconf 85' lang='lat' dir='ltr'><strong>lnbulato</strong></span> <span class='ocrx_word' id='word_1_319' title='bbox 597 4295 772 4359; x_wconf 82' lang='lat' dir='ltr'><strong>instructum.</strong></span> <span class='ocrx_word' id='word_1_320' title='bbox 829 4297 973 4375; x_wconf 70' lang='lat' dir='ltr'><strong>Regulum</strong></span> <span class='ocrx_word' id='word_1_321' title='bbox 1000 4317 1173 4380; x_wconf 81' lang='lat' dir='ltr'><strong>aequumque</strong></span> 
     </span>
     <span class='ocr_line' id='line_1_41' title="bbox 109 4381 1174 4465; baseline 0.004 -24"><span class='ocrx_word' id='word_1_322' title='bbox 109 4385 219 4444; x_wconf 81' lang='lat' dir='ltr'><strong>ridetur</strong></span> <span class='ocrx_word' id='word_1_323' title='bbox 250 4383 401 4464; x_wconf 83' lang='lat' dir='ltr'><strong>carpellonr</strong></span> <span class='ocrx_word' id='word_1_324' title='bbox 434 4381 586 4460; x_wconf 86' lang='lat' dir='ltr'><strong>parietibus</strong></span> <span class='ocrx_word' id='word_1_325' title='bbox 619 4381 721 4441; x_wconf 80' lang='lat' dir='ltr'><strong>crassis</strong></span> <span class='ocrx_word' id='word_1_326' title='bbox 757 4381 898 4457; x_wconf 72' lang='lat' dir='ltr'><strong>cunonis,</strong></span> <span class='ocrx_word' id='word_1_327' title='bbox 936 4383 986 4443; x_wconf 82' lang='lat' dir='ltr'><strong>sed</strong></span> <span class='ocrx_word' id='word_1_328' title='bbox 1021 4384 1112 4465; x_wconf 72' lang='lat' dir='ltr'><strong>stylus</strong></span> <span class='ocrx_word' id='word_1_329' title='bbox 1145 4385 1174 4445; x_wconf 89' lang='lat' dir='ltr'><strong>iu</strong></span> 
     </span>
    </p>
   </div>
   <div class='ocr_carea' id='block_1_6' title="bbox 0 0 1286 4986">
    <p class='ocr_par' dir='ltr' id='par_1_7' title="bbox 0 0 1286 4986">
     <span class='ocr_line' id='line_1_42' title="bbox 0 0 1286 4986; baseline 0 0"><span class='ocrx_word' id='word_1_330' title='bbox 0 0 1286 4986; x_wconf 95' lang='lat' dir='ltr'><strong> </strong></span> 
     </span>
    </p>
   </div>
  </div>
 </body>
</html>
