<?xml version="1.0" encoding="UTF-8"?>
<!DOCTYPE html PUBLIC "-//W3C//DTD XHTML 1.0 Transitional//EN"
    "http://www.w3.org/TR/xhtml1/DTD/xhtml1-transitional.dtd">
<html xmlns="http://www.w3.org/1999/xhtml" xml:lang="en" lang="en">
 <head>
  <title>
</title>
<meta http-equiv="Content-Type" content="text/html;charset=utf-8" />
  <meta name='ocr-system' content='tesseract 3.04.00' />
  <meta name='ocr-capabilities' content='ocr_page ocr_carea ocr_par ocr_line ocrx_word'/>
</head>
<body>
  <div class='ocr_page' id='page_1' title='image "./systemalaurinar00esengoog_0012.png"; bbox 0 0 2564 4986; ppageno 0'>
   <div class='ocr_carea' id='block_1_1' title="bbox 212 1676 1026 1830">
    <p class='ocr_par' dir='ltr' id='par_1_1' title="bbox 212 1676 1026 1830">
     <span class='ocr_line' id='line_1_1' title="bbox 212 1676 1026 1830; baseline -0.009 0"><span class='ocrx_word' id='word_1_1' title='bbox 212 1676 568 1830; x_wconf 75' lang='lat' dir='ltr'>mmeno&#39;ru</span> <span class='ocrx_word' id='word_1_2' title='bbox 598 1708 1026 1827; x_wconf 78' lang='lat' dir='ltr'>nnunvono.</span> 
     </span>
    </p>
   </div>
   <div class='ocr_carea' id='block_1_2' title="bbox 500 1984 702 1999">
    <p class='ocr_par' dir='ltr' id='par_1_2' title="bbox 500 1984 702 1999">
     <span class='ocr_line' id='line_1_2' title="bbox 500 1984 702 1999; baseline -0.005 -2"><span class='ocrx_word' id='word_1_3' title='bbox 500 1984 702 1999; x_wconf 56' lang='grc' dir='ltr'><strong>ψ</strong></span> 
     </span>
    </p>
   </div>
   <div class='ocr_carea' id='block_1_3' title="bbox 54 2250 1130 4492">
    <p class='ocr_par' dir='ltr' id='par_1_3' title="bbox 54 2250 1130 4492">
     <span class='ocr_line' id='line_1_3' title="bbox 146 2250 1125 2360; baseline -0.002 -15"><span class='ocrx_word' id='word_1_4' title='bbox 146 2250 323 2360; x_wconf 60' lang='lat' dir='ltr'>Quibus</span> <span class='ocrx_word' id='word_1_5' title='bbox 358 2266 562 2346; x_wconf 71' lang='lat' dir='ltr'>adminiculis</span> <span class='ocrx_word' id='word_1_6' title='bbox 596 2278 703 2345; x_wconf 81' lang='lat' dir='ltr'>itetu&#39;s</span> <span class='ocrx_word' id='word_1_7' title='bbox 729 2276 772 2343; x_wconf 78' lang='lat' dir='ltr'>ule</span> <span class='ocrx_word' id='word_1_8' title='bbox 792 2276 944 2343; x_wconf 65' lang='lat' dir='ltr'>maurinis</span> <span class='ocrx_word' id='word_1_9' title='bbox 975 2275 1125 2343; x_wconf 78' lang='lat' dir='ltr'>serilrere</span> 
     </span>
     <span class='ocr_line' id='line_1_4' title="bbox 61 2392 1124 2486; baseline 0.001 -24"><span class='ocrx_word' id='word_1_10' title='bbox 61 2400 289 2486; x_wconf 76' lang='lat' dir='ltr'>susceperim,</span> <span class='ocrx_word' id='word_1_11' title='bbox 329 2400 400 2463; x_wconf 84' lang='lat' dir='ltr'>tum</span> <span class='ocrx_word' id='word_1_12' title='bbox 423 2416 468 2463; x_wconf 80' lang='lat' dir='ltr'>ex</span> <span class='ocrx_word' id='word_1_13' title='bbox 496 2398 600 2483; x_wconf 93' lang='lat' dir='ltr'>primo</span> <span class='ocrx_word' id='word_1_14' title='bbox 628 2392 771 2463; x_wconf 86' lang='lat' dir='ltr'>e&#39;xenrsu</span> <span class='ocrx_word' id='word_1_15' title='bbox 796 2394 839 2459; x_wconf 86' lang='lat' dir='ltr'>od</span> <span class='ocrx_word' id='word_1_16' title='bbox 870 2392 995 2460; x_wconf 88' lang='lat' dir='ltr'>ealeem</span> <span class='ocrx_word' id='word_1_17' title='bbox 1028 2394 1124 2463; x_wconf 72' lang='lat' dir='ltr'>liuius</span> 
     </span>
     <span class='ocr_line' id='line_1_5' title="bbox 64 2488 1125 2602; baseline -0.001 -21"><span class='ocrx_word' id='word_1_18' title='bbox 64 2518 174 2601; x_wconf 87' lang='lat' dir='ltr'>operis</span> <span class='ocrx_word' id='word_1_19' title='bbox 204 2538 227 2581; x_wconf 91' lang='lat' dir='ltr'>a</span> <span class='ocrx_word' id='word_1_20' title='bbox 250 2496 374 2602; x_wconf 69' lang='lat' dir='ltr'>pagina</span> <span class='ocrx_word' id='word_1_21' title='bbox 399 2518 481 2583; x_wconf 71' lang='lat'>⁰79</span> <span class='ocrx_word' id='word_1_22' title='bbox 511 2512 554 2579; x_wconf 76' lang='lat' dir='ltr'>aul</span> <span class='ocrx_word' id='word_1_23' title='bbox 585 2488 737 2601; x_wconf 78' lang='lat' dir='ltr'>paginam</span> <span class='ocrx_word' id='word_1_24' title='bbox 764 2514 845 2579; x_wconf 66' lang='lat'>682</span> <span class='ocrx_word' id='word_1_25' title='bbox 876 2512 1024 2595; x_wconf 80' lang='lat' dir='ltr'>adnexo,</span> <span class='ocrx_word' id='word_1_26' title='bbox 1055 2520 1125 2580; x_wconf 89' lang='lat' dir='ltr'>tum</span> 
     </span>
     <span class='ocr_line' id='line_1_6' title="bbox 66 2606 1125 2717; baseline 0.002 -20"><span class='ocrx_word' id='word_1_27' title='bbox 66 2636 162 2699; x_wconf 80' lang='lat' dir='ltr'>etiam</span> <span class='ocrx_word' id='word_1_28' title='bbox 191 2654 235 2700; x_wconf 85' lang='lat' dir='ltr'>ex</span> <span class='ocrx_word' id='word_1_29' title='bbox 264 2606 428 2700; x_wconf 62' lang='lat' dir='ltr'>santollum</span> <span class='ocrx_word' id='word_1_30' title='bbox 459 2638 495 2699; x_wconf 89' lang='lat' dir='ltr'>et</span> <span class='ocrx_word' id='word_1_31' title='bbox 525 2632 708 2698; x_wconf 85' lang='lat' dir='ltr'>adiuturum</span> <span class='ocrx_word' id='word_1_32' title='bbox 740 2633 773 2696; x_wconf 91' lang='lat' dir='ltr'>in</span> <span class='ocrx_word' id='word_1_33' title='bbox 800 2630 877 2696; x_wconf 88' lang='lat' dir='ltr'>lolio</span> <span class='ocrx_word' id='word_1_34' title='bbox 902 2632 1125 2717; x_wconf 83' lang='lat' dir='ltr'>praecedente</span> 
     </span>
     <span class='ocr_line' id='line_1_7' title="bbox 68 2746 1123 2837; baseline 0.003 -22"><span class='ocrx_word' id='word_1_35' title='bbox 68 2760 158 2829; x_wconf 70' lang='lat' dir='ltr'>grato</span> <span class='ocrx_word' id='word_1_36' title='bbox 182 2754 291 2817; x_wconf 88' lang='lat' dir='ltr'>animo</span> <span class='ocrx_word' id='word_1_37' title='bbox 324 2772 345 2816; x_wconf 91' lang='lat' dir='ltr'>a</span> <span class='ocrx_word' id='word_1_38' title='bbox 371 2772 425 2819; x_wconf 90' lang='lat' dir='ltr'>me</span> <span class='ocrx_word' id='word_1_39' title='bbox 450 2749 691 2817; x_wconf 81' lang='lat' dir='ltr'>celebratorum</span> <span class='ocrx_word' id='word_1_40' title='bbox 715 2746 920 2829; x_wconf 83' lang='lat' dir='ltr'>nominibus,</span> <span class='ocrx_word' id='word_1_41' title='bbox 947 2750 1123 2837; x_wconf 79' lang='lat' dir='ltr'>intelligee3</span> 
     </span>
     <span class='ocr_line' id='line_1_8' title="bbox 75 2842 1122 2953; baseline 0.002 -20"><span class='ocrx_word' id='word_1_42' title='bbox 75 2868 339 2953; x_wconf 75' lang='lat' dir='ltr'><strong>quemadmodum</strong></span> <span class='ocrx_word' id='word_1_43' title='bbox 354 2842 564 2937; x_wconf 41' lang='lat' dir='ltr'>&#39;rem&#39;menm</span> <span class='ocrx_word' id='word_1_44' title='bbox 586 2854 813 2947; x_wconf 79' lang='lat' dir='ltr'>tractaverim,</span> <span class='ocrx_word' id='word_1_45' title='bbox 851 2886 893 2930; x_wconf 82' lang='lat' dir='ltr'>ex</span> <span class='ocrx_word' id='word_1_46' title='bbox 921 2867 995 2951; x_wconf 85' lang='lat' dir='ltr'>ipso</span> <span class='ocrx_word' id='word_1_47' title='bbox 1021 2888 1122 2953; x_wconf 89' lang='lat' dir='ltr'>opere</span> 
     </span>
     <span class='ocr_line' id='line_1_9' title="bbox 68 2981 1130 3073; baseline 0.003 -22"><span class='ocrx_word' id='word_1_48' title='bbox 68 2988 255 3073; x_wconf 74' lang='lat' dir='ltr'>perspicies</span> <span class='ocrx_word' id='word_1_49' title='bbox 292 2986 359 3051; x_wconf 78' lang='lat' dir='ltr'>Vix</span> <span class='ocrx_word' id='word_1_50' title='bbox 377 2987 476 3071; x_wconf 79' lang='lat' dir='ltr'>igitur</span> <span class='ocrx_word' id='word_1_51' title='bbox 494 3004 581 3073; x_wconf 86' lang='lat' dir='ltr'>quae</span> <span class='ocrx_word' id='word_1_52' title='bbox 601 3002 832 3069; x_wconf 79' lang='lat' dir='ltr'><strong>praemoneam</strong></span> <span class='ocrx_word' id='word_1_53' title='bbox 852 2981 970 3049; x_wconf 73' lang='lat' dir='ltr'>lanu».</span> <span class='ocrx_word' id='word_1_54' title='bbox 999 2984 1130 3053; x_wconf 88' lang='lat' dir='ltr'>ldonen·</span> 
     </span>
     <span class='ocr_line' id='line_1_10' title="bbox 66 3078 1122 3187; baseline 0.004 -21"><span class='ocrx_word' id='word_1_55' title='bbox 66 3102 184 3169; x_wconf 89' lang='lat' dir='ltr'>adesse</span> <span class='ocrx_word' id='word_1_56' title='bbox 210 3100 289 3169; x_wconf 81' lang='lat' dir='ltr'>milri</span> <span class='ocrx_word' id='word_1_57' title='bbox 316 3100 491 3169; x_wconf 75' lang='lat' dir='ltr'>videbam</span> <span class='ocrx_word' id='word_1_58' title='bbox 518 3078 674 3169; x_wconf 84' lang='lat' dir='ltr'>materies</span> <span class='ocrx_word' id='word_1_59' title='bbox 702 3104 738 3168; x_wconf 86' lang='lat' dir='ltr'>et</span> <span class='ocrx_word' id='word_1_60' title='bbox 764 3101 849 3167; x_wconf 81' lang='lat' dir='ltr'>satis</span> <span class='ocrx_word' id='word_1_61' title='bbox 877 3100 987 3187; x_wconf 86' lang='lat' dir='ltr'>ampla</span> <span class='ocrx_word' id='word_1_62' title='bbox 1015 3104 1058 3169; x_wconf 85' lang='lat' dir='ltr'>ad</span> <span class='ocrx_word' id='word_1_63' title='bbox 1084 3106 1122 3170; x_wconf 92' lang='lat' dir='ltr'>il-</span> 
     </span>
     <span class='ocr_line' id='line_1_11' title="bbox 66 3218 1120 3309; baseline 0.004 -24"><span class='ocrx_word' id='word_1_64' title='bbox 66 3220 264 3289; x_wconf 82' lang='lat' dir='ltr'>iustramlnm</span> <span class='ocrx_word' id='word_1_65' title='bbox 294 3221 507 3288; x_wconf 80' lang='lat' dir='ltr'>Laurinarum</span> <span class='ocrx_word' id='word_1_66' title='bbox 541 3218 709 3302; x_wconf 82' lang='lat' dir='ltr'>furnillam,</span> <span class='ocrx_word' id='word_1_67' title='bbox 751 3221 846 3285; x_wconf 87' lang='lat' dir='ltr'>euius</span> <span class='ocrx_word' id='word_1_68' title='bbox 880 3240 945 3287; x_wconf 93' lang='lat' dir='ltr'>non</span> <span class='ocrx_word' id='word_1_69' title='bbox 979 3223 1024 3288; x_wconf 89' lang='lat' dir='ltr'>ita</span> <span class='ocrx_word' id='word_1_70' title='bbox 1057 3226 1120 3309; x_wconf 89' lang='lat' dir='ltr'>pri·</span> 
     </span>
     <span class='ocr_line' id='line_1_12' title="bbox 66 3336 1122 3427; baseline 0.002 -22"><span class='ocrx_word' id='word_1_71' title='bbox 66 3340 135 3406; x_wconf 81' lang='lat' dir='ltr'>uem</span> <span class='ocrx_word' id='word_1_72' title='bbox 166 3341 350 3427; x_wconf 81' lang='lat' dir='ltr'>perexigua</span> <span class='ocrx_word' id='word_1_73' title='bbox 378 3358 458 3425; x_wconf 83' lang='lat' dir='ltr'>pars</span> <span class='ocrx_word' id='word_1_74' title='bbox 488 3340 522 3403; x_wconf 90' lang='lat' dir='ltr'>in</span> <span class='ocrx_word' id='word_1_75' title='bbox 552 3336 660 3404; x_wconf 87' lang='lat' dir='ltr'>lneem</span> <span class='ocrx_word' id='word_1_76' title='bbox 694 3342 863 3425; x_wconf 83' lang='lat' dir='ltr'>protracta</span> <span class='ocrx_word' id='word_1_77' title='bbox 888 3344 968 3405; x_wconf 83' lang='lat' dir='ltr'>erat.</span> <span class='ocrx_word' id='word_1_78' title='bbox 1022 3338 1122 3425; x_wconf 84' lang='lat' dir='ltr'>lgitur</span> 
     </span>
     <span class='ocr_line' id='line_1_13' title="bbox 65 3454 1120 3544; baseline 0.001 -22"><span class='ocrx_word' id='word_1_79' title='bbox 65 3460 197 3543; x_wconf 82' lang='lat' dir='ltr'>speeies</span> <span class='ocrx_word' id='word_1_80' title='bbox 218 3476 337 3524; x_wconf 85' lang='lat' dir='ltr'>ornnes</span> <span class='ocrx_word' id='word_1_81' title='bbox 359 3456 549 3525; x_wconf 72' lang='lat' dir='ltr'>desem‘lrere</span> <span class='ocrx_word' id='word_1_82' title='bbox 571 3462 606 3524; x_wconf 89' lang='lat' dir='ltr'>et</span> <span class='ocrx_word' id='word_1_83' title='bbox 625 3458 659 3523; x_wconf 91' lang='lat' dir='ltr'>in</span> <span class='ocrx_word' id='word_1_84' title='bbox 681 3454 892 3522; x_wconf 83' lang='lat' dir='ltr'>characteres</span> <span class='ocrx_word' id='word_1_85' title='bbox 912 3476 1023 3533; x_wconf 78' lang='lat' dir='ltr'>earum</span> <span class='ocrx_word' id='word_1_86' title='bbox 1044 3478 1120 3544; x_wconf 86' lang='lat' dir='ltr'>spe·</span> 
     </span>
     <span class='ocr_line' id='line_1_14' title="bbox 64 3574 1120 3663; baseline 0.007 -28"><span class='ocrx_word' id='word_1_87' title='bbox 64 3574 176 3643; x_wconf 73' lang='lat' dir='ltr'>vilicos</span> <span class='ocrx_word' id='word_1_88' title='bbox 204 3577 384 3663; x_wconf 79' lang='lat' dir='ltr'>inquirere,</span> <span class='ocrx_word' id='word_1_89' title='bbox 419 3576 560 3663; x_wconf 72' lang='lat' dir='ltr'>speeies</span> <span class='ocrx_word' id='word_1_90' title='bbox 595 3576 629 3640; x_wconf 89' lang='lat' dir='ltr'>in</span> <span class='ocrx_word' id='word_1_91' title='bbox 661 3594 801 3661; x_wconf 78' lang='lat' dir='ltr'>genero,</span> <span class='ocrx_word' id='word_1_92' title='bbox 836 3594 923 3661; x_wconf 82' lang='lat' dir='ltr'>quoe</span> <span class='ocrx_word' id='word_1_93' title='bbox 958 3596 978 3638; x_wconf 84' lang='lat' dir='ltr'>a</span> <span class='ocrx_word' id='word_1_94' title='bbox 1006 3582 1120 3641; x_wconf 88' lang='lat' dir='ltr'>natura</span> 
     </span>
     <span class='ocr_line' id='line_1_15' title="bbox 61 3690 1118 3778; baseline 0 -19"><span class='ocrx_word' id='word_1_95' title='bbox 61 3696 287 3761; x_wconf 81' lang='lat' dir='ltr'>demonstrata</span> <span class='ocrx_word' id='word_1_96' title='bbox 319 3693 513 3775; x_wconf 79' lang='lat' dir='ltr'>videantur,</span> <span class='ocrx_word' id='word_1_97' title='bbox 560 3690 729 3778; x_wconf 81' lang='lat' dir='ltr'>colligere,</span> <span class='ocrx_word' id='word_1_98' title='bbox 769 3691 811 3757; x_wconf 88' lang='lat' dir='ltr'>de</span> <span class='ocrx_word' id='word_1_99' title='bbox 850 3714 1005 3777; x_wconf 81' lang='lat' dir='ltr'>generum</span> <span class='ocrx_word' id='word_1_100' title='bbox 1041 3716 1118 3761; x_wconf 83' lang='lat' dir='ltr'>veru</span> 
     </span>
     <span class='ocr_line' id='line_1_16' title="bbox 60 3783 1120 3902; baseline 0.003 -27"><span class='ocrx_word' id='word_1_101' title='bbox 60 3824 90 3879; x_wconf 76' lang='lat' dir='ltr'>et</span> <span class='ocrx_word' id='word_1_102' title='bbox 110 3816 256 3902; x_wconf 83' lang='lat' dir='ltr'>genuina</span> <span class='ocrx_word' id='word_1_103' title='bbox 272 3814 503 3881; x_wconf 82' lang='lat' dir='ltr'>coniunctione</span> <span class='ocrx_word' id='word_1_104' title='bbox 530 3812 677 3899; x_wconf 77' lang='lat' dir='ltr'>cogitare</span> <span class='ocrx_word' id='word_1_105' title='bbox 698 3816 734 3878; x_wconf 86' lang='lat' dir='ltr'>et</span> <span class='ocrx_word' id='word_1_106' title='bbox 747 3783 910 3877; x_wconf 85' lang='lat' dir='ltr'>dissoluta</span> <span class='ocrx_word' id='word_1_107' title='bbox 923 3810 1006 3877; x_wconf 86' lang='lat' dir='ltr'>haee</span> <span class='ocrx_word' id='word_1_108' title='bbox 1021 3830 1120 3879; x_wconf 89' lang='lat' dir='ltr'>mem·</span> 
     </span>
     <span class='ocr_line' id='line_1_17' title="bbox 61 3927 1118 4017; baseline -0.002 -20"><span class='ocrx_word' id='word_1_109' title='bbox 61 3932 112 3999; x_wconf 82' lang='lat' dir='ltr'>lua</span> <span class='ocrx_word' id='word_1_110' title='bbox 151 3937 187 3999; x_wconf 90' lang='lat' dir='ltr'>in</span> <span class='ocrx_word' id='word_1_111' title='bbox 229 3929 386 3997; x_wconf 80' lang='lat' dir='ltr'>Familiae</span> <span class='ocrx_word' id='word_1_112' title='bbox 417 3932 565 4017; x_wconf 78' lang='lat' dir='ltr'>speciem</span> <span class='ocrx_word' id='word_1_113' title='bbox 603 3948 645 3996; x_wconf 85' lang='lat' dir='ltr'>ne</span> <span class='ocrx_word' id='word_1_114' title='bbox 662 3927 806 3995; x_wconf 85' lang='lat' dir='ltr'>&#39;vultum</span> <span class='ocrx_word' id='word_1_115' title='bbox 839 3928 990 3995; x_wconf 82' lang='lat' dir='ltr'>omnibus</span> <span class='ocrx_word' id='word_1_116' title='bbox 1031 3952 1118 3995; x_wconf 68' lang='lat' dir='ltr'>eulm-</span> 
     </span>
     <span class='ocr_line' id='line_1_18' title="bbox 57 4048 1119 4138; baseline -0.008 -21"><span class='ocrx_word' id='word_1_117' title='bbox 57 4074 185 4121; x_wconf 88' lang='lat' dir='ltr'>munem</span> <span class='ocrx_word' id='word_1_118' title='bbox 207 4049 376 4117; x_wconf 85' lang='lat' dir='ltr'>resolvere</span> <span class='ocrx_word' id='word_1_119' title='bbox 398 4050 503 4138; x_wconf 78' lang='lat' dir='ltr'>eoepi-</span> <span class='ocrx_word' id='word_1_120' title='bbox 546 4050 678 4115; x_wconf 78' lang='lat' dir='ltr'>Rursus</span> <span class='ocrx_word' id='word_1_121' title='bbox 698 4054 819 4129; x_wconf 90' lang='lat' dir='ltr'>autem,</span> <span class='ocrx_word' id='word_1_122' title='bbox 848 4068 923 4112; x_wconf 77' lang='lat' dir='ltr'>erum</span> <span class='ocrx_word' id='word_1_123' title='bbox 950 4048 991 4113; x_wconf 83' lang='lat' dir='ltr'>od</span> <span class='ocrx_word' id='word_1_124' title='bbox 1018 4071 1119 4133; x_wconf 80' lang='lat' dir='ltr'>perre-</span> 
     </span>
     <span class='ocr_line' id='line_1_19' title="bbox 54 4167 1119 4253; baseline -0.003 -18"><span class='ocrx_word' id='word_1_125' title='bbox 54 4170 144 4235; x_wconf 86' lang='lat' dir='ltr'>tralia</span> <span class='ocrx_word' id='word_1_126' title='bbox 176 4168 321 4233; x_wconf 87' lang='lat' dir='ltr'>familiae</span> <span class='ocrx_word' id='word_1_127' title='bbox 346 4188 398 4235; x_wconf 91' lang='lat' dir='ltr'>me</span> <span class='ocrx_word' id='word_1_128' title='bbox 425 4168 619 4253; x_wconf 84' lang='lat' dir='ltr'>pervenisse</span> <span class='ocrx_word' id='word_1_129' title='bbox 660 4170 825 4252; x_wconf 88' lang='lat' dir='ltr'>putarem,</span> <span class='ocrx_word' id='word_1_130' title='bbox 864 4167 944 4230; x_wconf 86' lang='lat' dir='ltr'>loris</span> <span class='ocrx_word' id='word_1_131' title='bbox 978 4167 1119 4251; x_wconf 81' lang='lat' dir='ltr'>denique</span> 
     </span>
     <span class='ocr_line' id='line_1_20' title="bbox 57 4282 1117 4373; baseline -0.004 -20"><span class='ocrx_word' id='word_1_132' title='bbox 57 4288 318 4373; x_wconf 75' lang='lat' dir='ltr'>eirerrmspieere</span> <span class='ocrx_word' id='word_1_133' title='bbox 332 4290 432 4373; x_wconf 85' lang='lat' dir='ltr'>utque</span> <span class='ocrx_word' id='word_1_134' title='bbox 447 4284 708 4351; x_wconf 80' lang='lat' dir='ltr'>distributionem</span> <span class='ocrx_word' id='word_1_135' title='bbox 724 4282 939 4349; x_wconf 79' lang='lat' dir='ltr'>rnemluorum</span> <span class='ocrx_word' id='word_1_136' title='bbox 962 4284 1033 4347; x_wconf 83' lang='lat' dir='ltr'>eius</span> <span class='ocrx_word' id='word_1_137' title='bbox 1053 4306 1117 4349; x_wconf 91' lang='lat' dir='ltr'>uon</span> 
     </span>
     <span class='ocr_line' id='line_1_21' title="bbox 54 4402 1118 4492; baseline -0.004 -23"><span class='ocrx_word' id='word_1_138' title='bbox 54 4409 145 4475; x_wconf 76' lang='lat' dir='ltr'>nrorlu</span> <span class='ocrx_word' id='word_1_139' title='bbox 181 4428 245 4492; x_wconf 87' lang='lat' dir='ltr'>per</span> <span class='ocrx_word' id='word_1_140' title='bbox 274 4424 355 4469; x_wconf 74' lang='lat' dir='ltr'>surus</span> <span class='ocrx_word' id='word_1_141' title='bbox 382 4405 504 4489; x_wconf 80' lang='lat' dir='ltr'>gradus</span> <span class='ocrx_word' id='word_1_142' title='bbox 527 4425 567 4469; x_wconf 88' lang='lat' dir='ltr'>ae</span> <span class='ocrx_word' id='word_1_143' title='bbox 590 4406 713 4489; x_wconf 77' lang='lat' dir='ltr'>stirpes</span> <span class='ocrx_word' id='word_1_144' title='bbox 734 4404 909 4488; x_wconf 84' lang='lat' dir='ltr'>prosequi,</span> <span class='ocrx_word' id='word_1_145' title='bbox 937 4402 1118 4467; x_wconf 82' lang='lat' dir='ltr'>sedetiam</span> 
     </span>
    </p>
   </div>
   <div class='ocr_carea' id='block_1_4' title="bbox 0 0 1286 4986">
    <p class='ocr_par' dir='ltr' id='par_1_4' title="bbox 0 0 1286 4986">
     <span class='ocr_line' id='line_1_22' title="bbox 0 0 1286 4986; baseline 0 0"><span class='ocrx_word' id='word_1_146' title='bbox 0 0 1286 4986; x_wconf 95' lang='lat' dir='ltr'> </span> 
     </span>
    </p>
   </div>
  </div>
 </body>
</html>
