2400 4936
117 115 155 176 tu

441 103 854 169 introductio(

112 304 287 362 Lucrinas
310 314 426 355 otuincs
455 299 486 354 in
508 293 592 353 cluss
622 308 744 373 portes
773 301 939 377 apprime
980 304 1200 360 suturnic-

112 388 291 447 dirimere
325 399 434 460 supro
466 379 819 455 demonstravimus,
850 389 878 442 ie
908 383 952 443 bis
974 389 1071 461 etiam,
1100 406 1199 468 qun

111 474 235 551 utrisque
254 468 378 527 subiecto
406 476 481 539 suut,
512 464 715 547 generibus
736 463 915 528 diiudicandis
945 471 1091 550 primum
1126 472 1137 531 Ι
1146 490 1176 529 ο

113 575 184 618 eum
207 566 353 623 tenere,
374 561 404 610 et
424 552 496 610 inter
515 569 581 611 suos
602 569 710 631 quoque
727 549 829 613 limites
851 555 973 614 rurituos
994 557 1196 637 praecipuam

114 642 170 701 iliis
198 650 302 710 notam,
333 647 462 716 tanquam
491 634 610 716 sigilium
638 636 806 716 imprimere,
840 656 894 719 quo
921 638 1046 719 reliquae
1077 650 1195 701 omue⁶

114 736 207 797 uotae,
230 724 355 782 inunum
371 720 517 790 coiiectae,
540 722 727 782 continentur.

197 808 255 883 Qui
276 807 453 865 characteres
482 823 532 865 suo
560 805 667 877 ordine,
711 824 729 865 u
754 805 942 887 superioribus
971 807 1008 868 cd
1037 808 1183 871 intentor·

114 889 327 977 progrediendo,
350 890 482 951 bisunt:

242 1001 268 1055 Ι.
302 992 446 1053 Antberue
466 990 642 1052 biloeeiintnc
663 989 708 1050 uei
730 986 986 1071 quodmiuceiiutte.

234 1084 268 1139 2.
298 1077 394 1138 Tubus
414 1076 561 1159 poriuutbii
583 1076 702 1137 fructum
724 1076 873 1137 investiens
895 1089 943 1136 out
964 1078 1103 1142 meiano.

234 1170 266 1223 5.
297 1163 370 1222 Tubi
393 1162 538 1241 perientbii
570 1160 696 1222 diuersae
724 1172 840 1241 percote
859 1161 967 1221 cutbesi
990 1164 1161 1232 mututiones,

172 1261 202 1310 et
222 1248 341 1315 formos,
361 1245 458 1327 quibus
480 1247 530 1306 sub
554 1248 645 1305 irtictu
665 1248 816 1325 persistens
830 1246 1004 1307 obsecretur.
1048 1248 1163 1310 Fructus

172 1332 271 1394 muturi
292 1332 445 1392 substantie
465 1331 501 1391 eb
522 1331 598 1390 uteo
619 1328 787 1411 dependens.

234 1423 266 1477 d.
299 1416 402 1489 Limbi,
425 1435 474 1475 sen
496 1417 600 1477 liberae
621 1418 708 1495 partis
728 1417 897 1497 sepulcrum,
928 1427 977 1475 aut
999 1415 1099 1495 integri
1119 1422 1164 1475 tut

172 1512 267 1564 certae
295 1499 417 1561 eiusdem
439 1503 525 1582 portis
547 1500 669 1573 duratio,
700 1502 745 1560 uel
777 1499 899 1571 eiusdem
926 1499 1065 1574 defluxus,
1096 1510 1163 1561 sttu-

173 1598 263 1659 cturu,
287 1586 309 1648 i.
333 1605 362 1646 e.
385 1596 481 1645 sutura
502 1586 655 1658 articulari,
679 1582 866 1664 praefinitos?

236 1678 266 1731 s.
297 1668 439 1730 Numerus
460 1671 652 1751 quaternarius
673 1672 719 1728 rel
741 1662 866 1730 senarius
888 1670 1005 1746 portium
1028 1670 1115 1731 floris.

236 1760 267 1816 θ.
298 1755 449 1815 seminum
478 1756 582 1834 primae
604 1754 776 1813 secundarie
798 1753 938 1815 divisionis
965 1753 1094 1834 ebertus,
1120 1762 1169 1815 tlt

173 1842 336 1923 completus,
361 1852 409 1900 eut
430 1840 545 1899 alterius
567 1850 671 1897 tentum
693 1836 841 1899 eorundem
862 1838 977 1898 ordinis.

236 1934 267 1987 7.
299 1922 498 1985 Gtuudularum
526 1924 724 2003 geminatnrum
748 1924 903 2004 frequentis
926 1923 1009 1984 solito
1031 1924 1119 1987 muier
1136 1933 1165 1983 et

171 2011 263 2073 eliens
283 2028 378 2070 esrum
400 2029 417 2070 ι
438 2009 575 2070 commoni
598 2019 664 2090 typo
686 2008 852 2070 distributio.

232 2109 257 2171 Ι.
287 2111 505 2181 humescentis,
535 2122 665 2189 quantum
693 2110 766 2170 iuter
797 2111 902 2169 limites
923 2110 1055 2171 sectionis
1077 2110 1167 2173 cuius-

169 2216 223 2277 que
244 2198 414 2277 superiorum
436 2196 571 2256 variotur.
622 2195 702 2254 bisce
730 2195 803 2255 inter
824 2195 1015 2270 characteres,
1044 2214 1169 2275 svege·

169 2286 274 2342 tutione
304 2280 481 2353 derivandos,
517 2281 634 2359 primum
664 2291 739 2340 tenet
768 2280 872 2360 iocum,
904 2290 935 2340 ct
959 2280 1168 2341 ebaructeribus

169 2367 288 2448 partium
311 2366 533 2425 fructificantium
559 2375 589 2427 t.
613 2375 642 2422 et
663 2370 694 2424 2.
719 2364 878 2444 respondet.

236 2450 275 2510 lt.
312 2450 481 2524 Gcmmutio,
513 2469 594 2531 quom
621 2448 830 2511 characteribus
859 2448 999 2511 floruiibus
1025 2454 1060 2511 5.
1084 2460 1115 2511 et
1134 2456 1167 2513 4.

170 2535 311 2613 aequalem
334 2533 415 2594 (lucu.

232 2618 282 2678 lli.
315 2619 451 2678 Nemmio
473 2619 599 2679 ioiiorum
622 2631 651 2679 et
671 2616 820 2678 eorundem
841 2620 869 2678 in
890 2619 973 2678 ramis
996 2616 1167 2693 distributio,

170 2722 230 2763 cum
253 2703 458 2763 obaramcribus
482 2709 513 2765 u.
536 2715 565 2763 ct
586 2708 619 2768 6.
642 2706 760 2784 partium
782 2704 918 2765 ssorslium
947 2703 1167 2783 componendus.

231 2788 288 2850 tv.
316 2787 398 2848 Fotis
419 2790 597 2868 persistentia
618 2790 664 2849 uel
686 2791 783 2850 suuuis
804 2789 910 2850 vicibus
932 2786 1072 2849 cedentis.

533 2947 737 2964 ψ

189 3045 243 3104 28.
282 3039 391 3116 Quibus
421 3044 615 3120 praemonitis,
649 3042 805 3102 tentaminis
843 3042 904 3102 ioco
936 3042 1008 3103 banc
1039 3061 1166 3122 propono

106 3124 287 3186 Laeuinorum
313 3126 417 3187 ordinis
454 3128 480 3186 iu
507 3147 571 3187 suas
598 3127 701 3187 Tribus
737 3139 765 3186 et
793 3127 905 3186 Genera
932 3127 1161 3187 distributionem.

106 3209 242 3270 Oriuntur
268 3222 359 3271 sutem
392 3212 495 3271 Tribus
524 3212 664 3271 naturales
690 3232 708 3272 o
739 3214 919 3291 congruentis
948 3214 1020 3291 typi,
1054 3231 1108 3292 per
1134 3228 1165 3271 te

105 3292 213 3373 quidem
240 3295 268 3354 iu
297 3297 351 3356 boc
371 3294 467 3356 ordine
489 3296 619 3377 duplicis,
648 3308 678 3357 ut
699 3316 716 3357 c
738 3295 847 3358 diuerso
878 3296 906 3360 iu
933 3294 1050 3359 diuersis
1077 3296 1167 3360 ueluti

106 3378 167 3440 virs
192 3376 285 3440 radice
306 3392 336 3441 et
359 3383 470 3442 surculo
491 3380 654 3461 prodeunte.
