2564 4986
10 21 896 367 -
1028 21 1116 53 -

1050 134 1062 159 U

388 855 783 919 introductio
1096 862 1119 925 5

52 1026 257 1089 llilaaaenta
286 1025 448 1109 latiuseala,
475 1028 544 1088 satis
566 1026 669 1101 aalide,
692 1046 778 1109 saepe
799 1028 917 1088 birsute.
962 1029 1118 1093 Glentlo·

52 1115 101 1174 lae
128 1115 291 1192 geminatae
317 1114 429 1172 sessiles
451 1124 500 1173 ant
529 1113 760 1194 brevistipitatae,
784 1111 820 1173 atl
841 1114 935 1175 latera·
959 1115 1011 1181 rel,
1031 1118 1118 1178 solim

55 1200 192 1280 penultimi
212 1196 322 1273 pralinis
352 1200 513 1279 staminum,
540 1198 584 1259 vel
613 1201 697 1259 etiam
725 1198 892 1265 exteriorum
925 1198 1118 1282 complurium,

55 1283 211 1365 pauloque
232 1294 265 1344 et
285 1283 374 1343 intimi
396 1282 511 1357 artinis,
536 1282 595 1359 ¹sevl
621 1285 764 1345 rarissimo
785 1285 931 1365 exemplos
958 1287 986 1345 in
1008 1286 1120 1367 quibus·

56 1369 111 1428 lam
133 1369 285 1428 blamentis
313 1366 403 1431 taedio
431 1381 481 1432 aut
507 1370 590 1449 paulu
612 1371 727 1431 iuferius
748 1371 882 1430 insertae.
926 1366 1119 1451 Pistillupn
1181 1412 1184 1417 -

57 1453 86 1514 ab
107 1456 229 1536 speciem
252 1452 381 1533 simplex,
405 1473 441 1514 ex
462 1455 559 1515 orario
581 1456 668 1533 magis
690 1457 815 1516 minusve
836 1455 921 1528 orell,
945 1456 1019 1536 stylo
1042 1476 1119 1537 cras·

58 1541 171 1600 aioscolo
199 1551 230 1599 ct
259 1541 389 1619 stigmate
417 1538 576 1601 bi·trilabo
605 1552 746 1613 constans,
780 1559 884 1602 revera
905 1552 996 1601 tamea
1019 1562 1035 1603 o
1057 1562 1121 1605 car·

56 1624 130 1705 pellis
149 1626 239 1684 ternis
260 1624 391 1683 valvatim
414 1625 539 1684 connatis
565 1624 595 1684 et
622 1625 842 1704 trophospermiu
871 1626 1016 1705 marginali
1037 1647 1120 1708 prae·

58 1708 115 1769 litis
136 1712 332 1789 compositum.
361 1709 672 1791 Tropbospermia
695 1711 780 1790 igitur
801 1712 855 1770 tria
876 1711 904 1769 in
926 1712 1022 1771 orario
1044 1733 1120 1774 com·

56 1798 149 1875 posito,
174 1796 284 1874 singula
306 1797 457 1873 geminata,
480 1794 530 1855 sed
552 1816 606 1855 uno
629 1807 733 1856 tantum
755 1796 838 1855 ovulo
859 1794 977 1875 pendulo
998 1798 1119 1859 aubana·

59 1884 158 1960 tropico
182 1882 377 1960 praegnantia.
424 1880 566 1940 Numerus
597 1882 781 1940 ovulorum
810 1881 943 1941 normalis
965 1881 1064 1944 abortu
1084 1883 1122 1946 atl

58 1963 106 2024 luo
134 1967 182 2026 vel
206 1985 307 2038 unum,
340 1984 390 2044 per
420 1967 605 2025 maturitatem
636 1978 740 2026 matum
761 1985 817 2026 non
838 1984 949 2046 semper
968 1966 1003 2026 ad
1025 1987 1121 2030 semen

57 2051 189 2129 segniam
212 2048 365 2110 mlocitur.
411 2049 570 2110 Fructus
592 2064 636 2112 est
656 2051 788 2124 bacca,
817 2051 862 2111 uel
883 2049 1019 2132 pedicello
1040 2057 1121 2134 apice

58 2137 220 2208 iacrassato,
253 2135 297 2195 vel
327 2136 387 2195 basi
408 2135 568 2215 periantbii,
601 2139 680 2197 vario
708 2135 790 2196 modo
811 2147 945 2211 mutatae,
977 2139 1119 2219 imposita,

57 2222 96 2280 rel
126 2219 286 2301 periantbio
312 2222 423 2300 integro
453 2219 581 2281 iniurato
609 2233 657 2281 aut
686 2220 808 2282 marcido
835 2223 944 2295 cincta,
976 2224 1120 2300 colorata3

57 2309 145 2384 paneis
168 2307 370 2386 caryopsis
391 2307 560 2380 utricularis,
592 2307 742 2387 periaotbii
764 2305 829 2367 tubo
850 2307 984 2366 baccante
1005 2311 1119 2371 uestita.

57 2390 163 2451 Testa
191 2391 355 2452 chartacea.
413 2391 578 2451 Choloua
606 2392 717 2472 obliqua
748 2391 786 2452 acl
812 2392 908 2473 bylnm
936 2391 1119 2456 descendens.

57 2473 234 2536 Radicula
262 2495 377 2554 supera,
411 2477 520 2536 conica.
576 2475 826 2558 Cotylelonos
861 2495 986 2551 crassae,
1024 2481 1122 2561 plano·

58 2564 201 2640 contiguae
239 2561 378 2641 plantulae
409 2562 483 2621 collo
512 2580 596 2642 supra
625 2563 703 2623 basin
732 2560 854 2624 abactae
879 2564 985 2642 petiole
1006 2567 1120 2645 exigno.

59 2645 285 2707 Geraninatiu
320 2645 514 2727 cotyledonum
547 2648 704 2728 hypogaea.
772 2645 940 2707 Distributio
976 2668 1059 2710 sexos
1092 2653 1122 2712 in

59 2732 115 2790 aliis
136 2730 401 2810 hermaphroditica,
426 2734 453 2791 in
475 2734 539 2791 aliis
561 2735 721 2812 polygama,
754 2734 782 2791 in
804 2733 866 2791 aliis
887 2731 996 2794 dicliuis
1018 2735 1120 2810 clinica,

61 2820 170 2894 partina
195 2817 387 2876 abortivorum
410 2819 535 2896 vestigiis
556 2819 585 2877 in
606 2818 745 2898 plerisque
766 2816 969 2896 superstitibus.

142 2982 431 3045 hilarescentis
461 2998 509 3045 out
540 2984 702 3065 umbellata,
732 2996 781 3045 ant
802 2985 976 3059 fasciculata,
1006 2995 1036 3045 et
1065 2997 1124 3049 tum

64 3065 164 3148 pollen
189 3072 236 3130 vel
264 3071 435 3132 invulnerata
464 3072 510 3130 vel
538 3081 890 3151 gennaesa-squamata,
919 3081 967 3129 aut
995 3090 1124 3133 racema-

60 3153 128 3234 losa,
150 3167 198 3214 aot
219 3157 378 3235 paniculata
408 3154 443 3215 acl
465 3155 668 3216 tricbotomiam
691 3155 825 3228 tendens;
854 3155 1010 3215 abortiente
1031 3175 1121 3232 ramo,

61 3259 137 3318 quem
158 3241 301 3313 terminat,
331 3241 468 3313 exilioris,
499 3242 541 3300 sin
572 3243 672 3318 minus,
703 3241 867 3312 terminalis;
895 3259 981 3320 saepe
1003 3259 1019 3301 e
1040 3260 1123 3323 equa·
1231 3272 1236 3283 ·

61 3344 160 3383 narum
182 3345 234 3384 seu
248 3325 378 3386 loliorum
400 3327 622 3405 imperfectorum
636 3345 762 3405 gemmae
784 3327 878 3386 axillis
899 3344 1015 3387 nascens
1036 3327 1126 3409 iisque

61 3411 112 3467 n'to
134 3410 321 3470 diffluentibus
343 3410 378 3470 aa
400 3411 478 3471 basin
493 3412 676 3471 innovationis
691 3410 762 3471 nuda
777 3423 942 3490 aggregata.
985 3410 1126 3472 Floras

61 3495 125 3567 albi,
147 3494 242 3554 Moris
263 3498 434 3576 spermatici.
478 3495 584 3555 Folia
607 3497 797 3575 integerrima,
821 3514 940 3556 nervosa
960 3507 1009 3556 aot
1029 3498 1127 3575 penni-

61 3580 167 3654 aereia‚
191 3582 286 3640 nemis
300 3583 377 3641 senis
398 3580 435 3641 ad
456 3579 621 3660 quindenos,
642 3600 693 3661 per
713 3583 791 3662 paria
813 3600 897 3661 saepe
914 3583 1123 3660 approximatio,

63 3664 226 3746 mboque
248 3667 276 3724 ia
298 3666 393 3727 axillis
420 3665 559 3726 inferioris
587 3669 705 3747 paginae
726 3668 835 3747 pomis
857 3665 1047 3746 bonitatisque,
1076 3685 1127 3747 pe·

65 3751 172 3823 tiniam,
193 3752 297 3833 petiole
320 3752 438 3811 articulo
460 3752 576 3825 inserto,
601 3753 628 3810 in
650 3752 745 3832 paucis
767 3751 889 3829 regelari
910 3750 1029 3810 decursu
1050 3752 1126 3813 solu·

63 3832 118 3907 bili,
142 3834 283 3915 pirisque
304 3837 533 3916 sempervirentia
555 3848 584 3896 et
599 3835 745 3915 rigidiora,
770 3836 941 3914 diuergcntia
958 3840 999 3917 *A
1022 3837 1124 3915 posita,

69 3936 146 4000 saepe
167 3940 220 4002 per
241 3923 388 3982 intervalla
410 3923 613 4001 approximate,
638 3923 665 3981 in
687 3922 838 3981 verticillos
861 3921 1039 4001 imperfectos
1061 3925 1127 3981 cu'e’·

66 4007 149 4080 tatia,
179 4017 230 4066 aut
252 4008 347 4086 spurio
368 4009 509 4087 opposita,
539 4009 614 4065 circa
644 4008 737 4086 apices
759 4006 924 4066 ramulorum
956 4005 1128 4086 frequentias

67 4088 156 4163 obvia,
179 4091 283 4153 ramuli
304 4090 364 4153 basi
386 4102 443 4152 tom
468 4092 544 4150 loliis
566 4091 697 4151 destituta
719 4104 748 4151 et
769 4110 785 4150 a
808 4091 984 4150 cicatriculis'
1001 4110 1129 4171 squama·

64 4192 120 4234 ram
142 4187 173 4236 et
193 4177 323 4237 loliorum
345 4178 536 4256 primariorum
552 4195 679 4255 gemmae
693 4177 835 4248 annulata,
859 4194 946 4255 pauca
967 4177 1129 4256 plerunque

65 4258 213 4341 iasingnli
240 4263 308 4322 anni
334 4263 444 4323 torione
471 4262 580 4340 cyclo
610 4262 738 4342 simplici,
772 4263 898 4322 rariusue
927 4259 1029 4340 clnplici
1052 4280 1129 4319 com-

67 4344 149 4423 pleto.
194 4347 364 4407 Gammae
385 4347 448 4407 aliis
469 4344 582 4407 densius
604 4348 760 4427 perolatae,
790 4347 852 4406 aliis
874 4346 975 4419 laxius,
1007 4344 1129 4424 squamis

68 4439 119 4491 tan
140 4432 258 4507 metis,
290 4433 380 4495 ternis
400 4432 511 4495 reabse
533 4434 699 4512 conspicuis.
746 4429 955 4494 Glandnlae
975 4429 1131 4509 pellucidae

883 4529 924 4593 1.
