2564 4986
173 801 224 871 (ii
500 800 583 865 titt.
605 800 631 863 1.
675 802 902 864 Chamanene.

175 991 288 1050 sistens.
332 987 462 1049 Sumen
487 1006 584 1063 uuum,
614 985 776 1069 pendulum,
805 1007 867 1049 cum
894 990 1050 1068 pericanpio
1077 1003 1237 1052 cuneatum.

173 1074 386 1136 Membrana
412 1074 524 1133 seminis
544 1072 580 1133 ad
602 1074 726 1153 speciem
740 1090 807 1146 uua,
829 1076 920 1148 fusca,
944 1075 1042 1148 nitide,
1064 1079 1240 1138 exennium

173 1161 425 1237 integumentorum
451 1159 642 1218 coniunctione
672 1156 807 1233 oriunda3
843 1159 959 1219 cbaiaza
986 1160 1074 1220 lutea.
1126 1160 1239 1243 Coty·

175 1244 329 1304 ledones
350 1255 464 1314 unaue,
487 1244 632 1319 gibbosae.
651 1240 832 1322 'Embryo
852 1262 966 1322 parvus,
991 1244 1063 1302 eoiie
1084 1245 1237 1307 urbicuiari

173 1328 386 1407 cotyledonibus
408 1328 560 1404 adnexusi3
583 1325 706 1387 rudicula
725 1329 797 1387 iutra
814 1328 1008 1406 cotyleduuum
1025 1328 1107 1389 bases
1126 1332 1236 1409 intent,

171 1414 294 1496 pinnula
315 1412 416 1488 iibere,
438 1412 701 1487 conice-subuiuta,
725 1413 897 1492 lungitudine
918 1412 1072 1474 radiculae.

255 1578 465 1641 Adnotatio
495 1585 526 1641 i.
570 1577 648 1639 inter
666 1579 775 1659 species
797 1579 901 1654 „indiis
925 1580 1068 1641 aiternis“
1094 1579 1237 1662 praeditas

171 1666 264 1747 possut
285 1667 338 1725 bue
358 1668 441 1725 deine
457 1666 671 1724 Crbnumourenn
683 1664 882 1743 Roxburgbius
902 1666 931 1725 in
952 1666 1046 1727 liorto
1066 1664 1235 1746 &agatensi

170 1752 196 1811 Ι.
212 1771 253 1825 e.,
277 1749 349 1830 qurod
371 1749 479 1830 quidem
508 1770 562 1809 non
584 1751 674 1827 magis
696 1751 754 1823 isti,
778 1770 858 1829 quan
872 1750 998 1830 pluribus
1011 1752 1137 1833 reliquis,
1162 1772 1233 1815 ne.

172 1836 365 1896 Crirnnmomr's
384 1835 519 1914 nlbr'floro
539 1846 578 1894 et.
594 1835 726 1893 Teutalus
746 1836 886 1895 eonvenit.
931 1835 1129 1916 oppositiones
1150 1838 1235 1899 iniie-

169 1938 230 1981 πω
244 1923 272 1979 in
285 1921 339 1993 bis,
352 1921 513 1999 cunctisque
532 1918 705 1979 cinnamomi
718 1920 831 1997 pueris
841 1920 987 1979 arboribus
1002 1920 1230 1997 eiusmudiuunt,

169 2016 201 2065 ut
221 2005 375 2084 ubieunque
396 2006 496 2063 laetior
522 2005 663 2082 vegetatio
689 2005 836 2063 intervalia
865 2004 999 2065 nodorum
1028 2019 1142 2085 augeat,
1172 2008 1234 2087 ipsa

169 2091 253 2149 etium
275 2089 421 2149 intervalia
442 2089 571 2149 ioiiorum
592 2086 742 2147 eorundem
756 2091 876 2169 parium,
900 2091 989 2163 iniis,
1013 2110 1086 2170 quse
1104 2095 1234 2171 opposita

169 2173 310 2247 dicuutur,
333 2173 369 2233 ed
391 2175 529 2233 minimum
551 2174 634 2252 spatii
654 2173 780 2247 redacta,
803 2176 1029 2255 inconspectum
1058 2196 1155 2236 rursus
1181 2196 1234 2239 re-

166 2260 256 2333 niant,
279 2270 309 2318 et
329 2261 444 2337 primum
466 2257 575 2339 quidem
596 2259 665 2318 ioiiu
680 2278 731 2338 per
749 2261 829 2336 paria
849 2260 903 2319 sibi
922 2263 1048 2338 proxime
1069 2264 1231 2337 coniuncte,

167 2355 358 2415 monentem,
382 2344 498 2403 bitenius
519 2346 692 2403 increscente
720 2345 781 2403 uisu
801 2357 895 2423 paroes
917 2344 1099 2420 distrahendi,
1122 2348 1232 2409 alterne

166 2428 304 2487 communi
324 2446 408 2488 sensu
429 2440 458 2488 et
479 2430 539 2488 iere
560 2429 655 2508 aequis
676 2430 829 2491 intervallis
850 2448 885 2490 ee
907 2428 1036 2491 distentia
1063 2430 1229 2513 procedant,

166 2512 275 2593 diverg.
298 2513 380 2574 modo
402 2508 456 2598 ss,
477 2507 739 2599 modoetiamss

249 2646 451 2710 Adnotatio
479 2653 512 2711 2.
561 2645 594 2709 ln
622 2644 817 2709 dissertatione
847 2647 883 2710 de
912 2648 1093 2711 Cinnamumo
1114 2649 1153 2732 (i.
1178 2650 1230 2733 e.)

163 2732 233 2795 duas
254 2731 433 2813 diversasque
453 2733 560 2813 species
576 2750 672 2793 errore
686 2734 869 2810 confodimus,
892 2737 999 2797 scilicet
1016 2738 1229 2797 Crinnumoruunr

163 2818 443 2896 dulceliuxburgbii,
467 2838 484 2879 e
505 2818 645 2879 Herbanio
667 2819 896 2882 Wilideuovieoo
917 2820 1084 2896 desumtum‚
1109 2832 1141 2885 et
1158 2822 1229 2883 Crit-

162 2922 321 2965 ttuurornum
342 2905 454 2963 liciniani
474 2904 548 2965 inira
569 2902 770 2983 exponendum.

246 2989 446 3063 Quaestionem
478 2985 513 3048 de
542 2987 724 3049 cinnamomo
757 3000 891 3069 perpetuo
927 2990 1042 3049 ilonente
1073 2984 1228 3051 Bnrmanui

162 3091 247 3146 nuuc,
276 3084 308 3132 ut
334 3073 418 3153 piane
447 3075 575 3147 otiosam,
606 3075 750 3147 mittimus,
780 3077 834 3133 etsi
861 3076 949 3152 magis
976 3072 1119 3154 probabile
1146 3075 1227 3136 nobis

159 3157 299 3231 videatur,
321 3156 394 3217 bunc
414 3158 551 3219 Thesauri
573 3156 718 3237 Zeyiauici
748 3157 837 3218 iocum
859 3157 896 3218 ad
919 3161 1100 3219 Crirunmomr’
1117 3160 1229 3236 Zeylu·

161 3246 223 3303 arbi
236 3245 403 3303 uurr'etetem
426 3262 459 3327 y.
487 3246 616 3303 Cussnitm
637 3261 699 3302 esse
720 3242 869 3303 citandum.
912 3244 1013 3305 Fiores
1035 3224 1227 3325 quiuqoeiidos
1263 3310 1266 3315 ,

161 3327 250 3388 dietos
278 3326 347 3387 nibil
376 3348 481 3388 moror.
541 3326 599 3387 Sed
630 3338 720 3387 utrum
748 3328 867 3403 fructus,
897 3328 982 3390 inieni
1008 3339 1038 3389 et
1070 3330 1226 3389 umbilicuti

161 3411 246 3487 dieti,
281 3410 317 3470 ad
353 3414 523 3493 exemplum,
555 3410 628 3492 quod
660 3413 683 3472 i.
713 3431 742 3475 e.
777 3414 892 3475 floribus
923 3412 1049 3494 gaudens
1085 3412 1223 3493 depictum

159 3497 327 3571 exbibetun,·
341 3498 401 3557 iere
423 3495 577 3571 referendi,
608 3516 646 3559 an
672 3516 750 3571 omn,
780 3518 842 3558 eum
871 3498 965 3579 planta
991 3500 1019 3558 in
1047 3497 1177 3563 herbario
1203 3518 1224 3561 u

158 3581 318 3645 Bmmanno
337 3581 547 3664 observaretur,
571 3583 627 3645 sint
652 3582 765 3661 intrusi,
787 3582 887 3671 ⁸dirimi
912 3586 969 3648 iam
990 3601 1045 3646 uon
1065 3593 1169 3666 potest.
