2564 4986
912 439 917 447 ι

727 511 733 520 ι

642 529 645 538 ι

180 795 225 858 tlt
294 865 295 869 Ἰ
505 797 911 889 introductio.

178 992 256 1054 tac,
286 981 482 1061 glandulae
502 984 725 1062 geminatae,
756 985 1001 1065 carpellorum
1031 996 1066 1046 et
1093 988 1272 1049 seuleus*

177 1078 378 1129 structure.
440 1067 522 1130 llaec
557 1070 619 1130 sola
645 1071 784 1150 spectanti
809 1087 893 1130 uuum
919 1068 1115 1133 tocnmtun
1144 1083 1244 1141 estet

179 1150 346 1212 individuum
370 1171 481 1233 semper
501 1174 589 1233 genus
610 1157 771 1216 Laurus.

259 1244 314 1298 ιι.
358 1237 470 1298 Florem
492 1241 517 1299 si
537 1241 694 1300 accuratius
714 1249 857 1319 penetras,
886 1239 1072 1302 antherae
1093 1242 1121 1301 in
1144 1241 1242 1301 oculos

178 1319 279 1383 cadunt
300 1323 363 1382 aliis
383 1340 506 1384 omnen
528 1325 733 1385 introrsum
754 1323 1015 1400 dehiscentes,
1038 1326 1101 1387 aliie
1116 1347 1170 1387 non
1185 1328 1236 1398 ita,

89 1412 91 1420 '
176 1406 355 1468 sedtcrtrr
375 1409 523 1470 ordnurs
545 1419 764 1471 extrorsum
817 1409 1174 1473 llahessauedmcrrmen
1196 1422 1241 1472 ιιι

177 1494 300 1552 tentione
321 1491 444 1572 dignum.
490 1493 619 1570 Quod
595 1515 620 1555 st
640 1499 757 1574 primum
772 1512 821 1556 eas
835 1494 984 1570 Laumnas,
1003 1516 1122 1600 ιῃιιιιιιιι
1142 1515 1241 1556 omnes

176 1578 310 1637 antherae
331 1583 478 1638 introrsum
501 1590 651 1660 spectant,
667 1580 742 1639 inter
762 1597 826 1639 sese
848 1583 1071 1661 comparaveris,
1105 1580 1205 1641 haec'
1198 1604 1240 1641 rn-

176 1666 290 1723 venies.
327 1661 463 1723 [lecese
501 1666 558 1724 hie
588 1666 735 1726 cunctis
768 1662 993 1725 staminodia
1020 1667 1089 1728 illa
1117 1668 1238 1747 quasti

175 1746 335 1822 ordinis,
359 1751 486 1808 ιιι-ἱιιιιιι
507 1753 603 1810 corhm
624 1750 689 1808 loco
703 1767 771 1810 vera
783 1749 910 1811 stamine
930 1750 1046 1830 perhci3
1079 1751 1238 1811 inilose-

175 1835 354 1894 scentiam
377 1834 500 1894 esserel
521 1833 752 1895 umbellulnm
773 1835 987 1906 invulneratum,
1003 1837 1048 1895 sel
1070 1854 1238 1914 gemmam

173 1928 364 1998 squamatam·
398 1936 495 1979 senum
516 1909 588 1998 apud
610 1920 786 2000 plerasque
778 1931 851 1980 ιιιιιι
878 1919 1020 1980 distinctas
1052 1921 1161 2000 plautas
1190 1932 1239 1982 aut

172 2006 256 2068 tores
277 2003 415 2065 distribui.

255 2089 327 2148 Turn
351 2108 432 2163 sero,
455 2085 490 2148 ad
512 2088 628 2149 alterum
649 2088 725 2149 latua
746 2107 909 2162 consensus,
931 2088 1052 2168 videhis,
1082 2089 1238 2170 ubicunqne

172 2174 271 2235 mitius
286 2174 432 2234 staminum
448 2172 517 2233 ordo
532 2186 608 2234 retro
621 2185 739 2254 spectat,
757 2193 841 2255 saepe
862 2174 1092 2235 staminodia
1112 2177 1237 2256 quarti

173 2257 323 2319 ordinis
346 2256 542 2331 distincta,
572 2260 630 2319 rel
653 2261 808 2318 stamina
830 2261 969 2340 primae
990 2271 1028 2320 et
1048 2261 1237 2320 secundae

172 2345 292 2406 seriei
313 2363 378 2404 una
400 2363 475 2404 cum
496 2345 554 2405 his
570 2343 807 2416 deficientia,
832 2364 943 2424 semper
957 2357 1050 2407 autem
1072 2346 1236 2406 inllore-

172 2431 350 2492 scentiam
372 2430 628 2509 paniculntam
651 2429 696 2488 rel
718 2448 734 2488 e
756 2429 890 2488 dissoluta
913 2431 1040 2509 panicula
1062 2431 1238 2510 eymulo·

170 2535 243 2577 sam
265 2513 413 2595 (spicatum
427 2515 455 2573 in
469 2516 617 2592 Cassptu),
643 2533 694 2574 nec
711 2515 922 2586 invulneratum,
945 2513 997 2574 scd
1018 2516 1128 2574 minutis
1149 2512 1235 2574 cudu-

81 2669 84 2674 ,
169 2602 244 2661 ciste
267 2601 441 2659 bracteolis
434 2619 597 2680 respersam,
623 2600 761 2678 doresque
782 2601 964 2659 communiter
980 2599 1232 2680 hermaphroditos.

167 2720 209 2734 -·
229 2685 400 2745 Notantur
392 2684 477 2763 igitur
497 2696 546 2745 aut
567 2682 785 2770 determinantur
798 2685 974 2743 antherarum
991 2685 1144 2745 directione
1166 2706 1232 2745 con-

167 2773 248 2832 lormi
278 2770 322 2830 tel
353 2772 478 2852 opposita
499 2771 579 2831 simul
607 2771 828 2829 inllorescentiae
848 2768 989 2850 diuersae,
1018 2790 1101 2831 sexus
1123 2769 1236 2832 diversa

167 2857 341 2917 distributio.
374 2859 489 2936 quaesi
512 2877 566 2914 non
588 2854 742 2932 spernenda
765 2853 942 2928 videbuntur,
972 2875 1033 2916 cum
1055 2857 1132 2920 lieris
1154 2856 1234 2935 (par-

167 2946 233 3002 tium
249 2942 482 3021 fructificationis)
498 2939 650 3000 discrimini
664 2941 780 2999 alterum
797 2942 980 3019 vegetationis
1020 2943 1152 3022 ,perieris
1174 2940 1232 3022 (in-

168 3027 375 3103 notescentiam)
398 3025 545 3085 discrimen
567 3024 744 3103 respondeat,
769 3027 814 3085 cui
835 3027 955 3086 omnium
1030 3045 1145 3105 quarum
1166 3045 1232 3105 par·

168 3115 234 3173 tium
256 3123 406 3171 concentus
428 3111 536 3191 quidam
559 3112 640 3169 lacile
662 3109 859 3170 discernendus
880 3108 1051 3182 adsociatur,
1083 3108 1137 3169 duo
1160 3113 1228 3183 iarn,

166 3217 271 3278 genera
299 3194 375 3256 dicas
402 3215 437 3255 an
466 3197 617 3267 sectiones,
649 3193 871 3255 commendabis:
908 3191 1230 3257 Tetrantlrcraun

165 3297 195 3344 et
216 3279 393 3345 Laurum
417 3281 454 3357 (si
476 3282 545 3340 velis
566 3299 680 3340 serrare
703 3283 836 3356 nomen),
865 3280 941 3340 illam
964 3298 1000 3340 ex
1022 3279 1146 3340 aetheris
1169 3299 1230 3340 om·

166 3369 245 3428 nihus
277 3379 374 3426 uentre
402 3365 547 3438 adrensis,
586 3367 657 3425 hauc
683 3383 720 3426 ex
750 3366 876 3426 aetheris
903 3364 1080 3426 interioribus
1107 3368 1230 3426 reuersis

163 3452 389 3533 dignoscendam.

248 3543 302 3600 su.
347 3538 438 3596 Porro
466 3546 558 3595 nutem
586 3534 811 3595 Antherns'
803 3536 927 3595 iuvenies
962 3534 1104 3614 utriusque
1131 3532 1228 3594 harum

163 3623 323 3685 Sectionum
346 3623 408 3681 aliis
429 3640 491 3680 esse
513 3620 774 3693 hilocellatas,
798 3621 859 3680 aliis
881 3618 1226 3700 quadriloeellatns.

162 3708 203 3770 Et
223 3727 257 3768 ea
278 3728 325 3767 res
345 3706 476 3788 quidem,
507 3725 568 3766 cum
597 3704 702 3786 pridem
733 3724 751 3765 a
782 3707 881 3805 peritis
908 3705 1043 3766 historiae
1070 3704 1226 3784 plantarum

163 3797 230 3854 siris
252 3794 290 3853 sit
311 3792 474 3871 ponderate,
498 3810 587 3871 neque
609 3790 722 3869 indigna
744 3791 814 3863 visa,
838 3792 916 3849 cuius
944 3810 1028 3850 causa
1057 3807 1163 3868 genera
1185 3788 1227 3847 di·

162 3882 347 3957 stingunntur,
371 3897 426 3937 non
448 3877 495 3936 vili
517 3874 661 3956 pendenda
682 3876 749 3947 crit,
773 3874 821 3934 sed
835 3873 1029 3948 examinanda,
1054 3876 1227 3952 maximeque

163 3967 330 4024 inanimum
353 3960 550 4034 revocandum,
575 3960 669 4041 quanti
690 3959 727 4018 sit
748 3961 925 4031 enthecarum
948 3960 1020 4019 hanc
1041 3960 1070 4019 in
1094 3959 1224 4018 familiam

160 4048 356 4111 exstruendam
385 4049 427 4107 vis
459 4057 490 4106 et
521 4065 601 4126 quarn
631 4046 766 4124 singulari
800 4050 846 4106 vin
875 4047 1016 4124 procreari
1044 4044 1122 4123 ipsae
1150 4046 1225 4104 inter

160 4134 298 4196 Laurinas
321 4132 478 4194 rideantur.
536 4132 665 4205 Quaeras
692 4131 833 4191 fortusse:
863 4149 962 4191 numne
997 4127 1109 4190 maioris
1135 4128 1226 4192 ‚etiam

158 4219 328 4282 aestimanda
356 4221 393 4278 sit
420 4219 490 4277 haec
511 4216 670 4275 locellorum
699 4235 781 4296 quum
808 4216 871 4289 illa,
902 4214 938 4275 de
968 4234 1022 4295 qna
1044 4232 1136 4274 sermo
1158 4214 1224 4292 luit,

157 4304 317 4368 discutionis
339 4302 527 4365 dehiscentiae
548 4299 719 4361 diversitas?
762 4299 891 4374 Quodsi
914 4301 953 4360 ita
973 4309 1060 4372 esset,
1083 4297 1226 4359 Laurinae

158 4412 265 4468 omnes,
288 4408 360 4472 qnae
381 4387 506 4451 aetheris
527 4384 692 4448 hilocellatis
714 4385 848 4466 gaudent,
875 4384 998 4469 plurilus
1020 4384 1083 4446 aliis
1105 4384 1224 4465 partium
