2564 4986
499 700 646 797 nmen.
734 698 738 703 ’
1040 732 1110 802 oue

52 924 156 1004 angulo
175 923 304 984 subrecto
323 918 522 983 adaoeedeatea
541 917 695 981 divisivae
711 919 818 981 malls
837 908 1020 984 lemae
1039 920 1108 985 levi·

55 1023 102 1071 ter
121 1010 241 1069 arcuatis
261 1007 415 1068 reticulatis
435 1004 721 1079 aneatomaaantllea3
752 1005 941 1081 salamana,
964 1006 1108 1070 admodum

55 1097 173 1166 flexilia,
195 1093 353 1166 discoloria,
375 1110 458 1170 supra
471 1087 573 1152 leviter
585 1092 700 1151 aiteatie
713 1101 743 1150 et
754 1091 877 1170 inprimis
892 1086 1037 1152 nervomn‘n
1052 1106 1110 1153 tra·

54 1192 104 1240 cta
128 1179 199 1259 pulo
214 1195 346 1257 appresea
366 1177 467 1237 sensim
481 1186 665 1236 evanescente
676 1174 755 1235 brevi
771 1175 896 1249 obsessa,
919 1178 1111 1239 reticulationc

54 1266 105 1325 vix
117 1265 276 1342 conspicue,
299 1265 327 1323 iu
347 1263 447 1342 pagina
466 1259 570 1321 dorsali
584 1261 911 1333 cinereo-canescentia,
935 1261 1006 1340 pube
1025 1261 1112 1324 deuse

58 1347 220 1409 &herculi
241 1347 505 1418 sericeo-velotius,
526 1345 719 1405 reticulatione
739 1345 827 1423 magis
847 1343 976 1405 distincta
1003 1349 1111 1408 nemis·

59 1451 113 1514 que
135 1432 330 1493 elevationibus
350 1430 558 1499 tunscentilne.
607 1428 690 1490 Folia
717 1431 836 1491 contrita
863 1441 893 1489 ot
918 1433 988 1507 rami
1008 1435 1111 1495 novelli
1236 1426 1242 1441 ’

58 1516 144 1578 odore
165 1516 287 1596 gandent
307 1514 398 1577 valido
419 1517 478 1576 acri
498 1509 644 1575 iniucnndo
664 1514 732 1573 satie
753 1513 973 1593 nupturam«

144 1602 203 1676 „ln
224 1601 310 1682 sylvia
332 1602 466 1661 annonis
487 1599 587 1660 Novae
608 1599 744 1672 Goincae,
767 1610 823 1659 tam
844 1617 869 1660 a·
882 1598 1007 1659 hssono
1032 1622 1114 1681 quam

59 1685 231 1767 a·2ippelio,
254 1684 304 1746 scd
326 1702 413 1766 neque
435 1704 497 1745 cen
517 1682 631 1744 llorilme
651 1700 740 1764 neque
759 1702 822 1743 con
842 1682 975 1744 leuctibes
989 1697 1112 1765 reperta.

59 1771 214 1853 liumplu‘ma
235 1789 297 1831 cam
319 1788 373 1829 non
393 1769 480 1829 solem
510 1769 538 1828 in
564 1768 662 1828 insulis
683 1767 832 1847 Papuaeie,
855 1767 905 1827 scd
927 1770 955 1829 in
977 1771 1115 1831 nonnullis

60 1857 145 1915 ctiam
175 1855 323 1927 Moluccis,
353 1855 476 1934 inprimis
504 1851 604 1912 crebro
631 1853 660 1913 ia
688 1851 783 1913 lnaolis
807 1851 874 1934 liep
900 1864 930 1914 et
957 1853 1020 1914 Aru
1041 1856 1117 1915 nasci

61 1939 207 2020 perhibet:
231 1950 260 1998 ct
277 1939 354 1998 locos
374 1957 458 2019 supra
479 1955 515 1998 ex
529 1937 656 1998 Camello
675 1937 811 2016 cinnat)
833 1937 912 2012 lacit,
935 1949 966 1999 nt
977 1941 1113 2021 suspicer,

60 2044 124 2084 cam
146 2043 199 2083 non
220 2025 308 2083 minae
329 2024 425 2083 imulie
445 2022 611 2103 Philippicis
630 2040 694 2081 eme
713 2022 893 2102 proprian.“

147 2108 411 2182 „Observatim
453 2107 535 2167 llaec
559 2106 645 2167 arbor
663 2109 795 2167 corticem
818 2107 977 2167 eontanas«
998 2109 1113 2188 Prpeo·

65 2213 131 2253 earn
153 2193 280 2273 praebet,
307 2193 392 2267 lacie,
422 2190 509 2252 odore
529 2203 612 2272 atque
632 2190 763 2252 acredine
790 2194 924 2252 aromatis
944 2194 1041 2252 cortici
1063 2194 1116 2268 illi,

63 2281 110 2357 qui
137 2278 225 2337 ubivis
253 2280 281 2336 in
308 2276 498 2356 Archipelage
524 2275 648 2335 dielnice
674 2278 784 2336 nomiae
810 2276 924 2336 Musaei
953 2289 1033 2338 notus
1061 2290 1116 2352 est,

64 2362 147 2439 longe
168 2362 285 2419 similior
305 2380 384 2438 quea
410 2362 521 2418 Cor-tici
539 2360 698 2418 Celilownn
712 2359 909 2422 Amdoaitenet'.
952 2360 1040 2423 Foliis
1053 2364 1118 2422 sob-

66 2458 111 2505 tus
133 2443 218 2504 dense
238 2444 500 2502 sericeo-velutinie
520 2441 590 2501 llaec
610 2445 718 2521 species
739 2443 774 2502 ab
794 2444 917 2503 omnibus
932 2443 1031 2523 plantis
1045 2449 1121 2506 cios-

65 2529 127 2590 dcm
150 2530 272 2607 pencris,
302 2546 373 2607 quae
400 2527 540 2606 hucusque
561 2527 746 2596 innotuerunt,
778 2527 863 2604 longe
884 2527 999 2589 recedit.
1043 2530 1119 2591 Lon-

66 2617 168 2694 ginqua
198 2624 302 2673 uotum
331 2614 357 2672 ci
385 2630 446 2671 cum
475 2614 511 2671 C.
533 2611 704 2688 telpknrotu
729 2610 771 2671 N.
794 2611 829 2670 ab
850 2609 888 2673 E.
917 2624 962 2671 est
988 2614 1118 2688 affinitas,

67 2701 179 2779 propior
199 2717 261 2757 cum
282 2698 338 2756 alia
358 2698 451 2776 specie
472 2695 616 2775 neplanica
638 2694 755 2755 nondun
768 2693 918 2775 descripta,
940 2699 1018 2757 cuius
1039 2720 1121 2761 nuum

68 2782 254 2843 tantummodo
275 2783 368 2841 lolium
391 2800 407 2840 e
428 2781 592 2841 collectione
611 2779 637 2844 Ι.
656 2779 807 2839 Burmanni
828 2798 889 2840 cum
911 2793 975 2841 octo
996 2783 1057 2842 aliia
1078 2787 1122 2844 l'o·

69 2870 115 2928 liis
143 2869 223 2927 simul
252 2869 280 2926 in
307 2866 403 2926 charte
432 2866 596 2943 glutinatum
631 2865 660 2924 iu
689 2863 828 2924 llerbario
856 2876 950 2924 nostro
981 2880 1119 2929 servatore

68 2954 149 3013 llaec
169 2971 236 3012 sane
257 2952 394 3011 variorum
415 2950 543 3010 loliorum
570 2949 766 3028 conglutinatio
794 2949 935 3029 exemplet·
960 2971 1122 3032 repraesen-

69 3051 131 3099 tare
152 3036 262 3098 violetur
281 3054 389 3107 eorum,
411 3054 482 3114 quac
502 3033 596 3095 accolo
616 3045 646 3093 ct
671 3033 787 3111 amplius
813 3034 849 3094 al
876 3035 939 3095 luinc
959 3054 976 3095 a
998 3037 1073 3097 Solva
1094 3042 1123 3099 tu

69 3124 138 3183 Act.
162 3122 248 3182 Caes.
271 3119 361 3198 Leop.
384 3119 454 3182 Car.
483 3119 555 3179 Not.
578 3117 647 3178 Cor.
670 3117 741 3179 Vol.
763 3120 787 3181 l.
818 3129 945 3199 tanquam
974 3124 1124 3184 varietates

73 3211 109 3270 C.
132 3208 286 3284 Zeplaniei
303 3206 389 3265 allata
409 3217 439 3264 et
458 3203 598 3284 descripta
625 3204 748 3265 immun
798 3201 909 3265 Etenim
937 3205 1123 3270 Boenanaom

70 3291 205 3352 eiusnodi
226 3292 278 3351 silui
299 3309 473 3370 conperaeae
494 3288 697 3363 mttecutonen,
720 3290 804 3370 ipsine
825 3289 910 3349 veria
931 3293 959 3350 in
979 3293 1124 3354 Thesauro
1184 3298 1187 3307 '

71 3376 225 3456 chlauico
247 3395 275 3455 p.
297 3380 337 3434 62
360 3376 477 3453 probant
496 3373 548 3453 (l),
572 3373 619 3434 oli
637 3374 696 3434 aits
732 3373 869 3446 „Novem
890 3374 1062 3437 cinnamomi
1083 3376 1125 3438 di·

71 3462 218 3522 versitaten
245 3478 281 3519 ex
311 3461 372 3519 nola
402 3459 528 3540 Zeplena
562 3460 737 3519 transmissas
762 3476 862 3532 servo,
900 3478 970 3538 quae
998 3462 1126 3522 loliutura

72 3547 191 3606 mxime
212 3544 351 3616 differunt,
374 3562 442 3623 quas
463 3564 517 3604 non
537 3543 667 3616 exhibeo,
690 3543 752 3622 quia
773 3544 827 3602 iam
850 3540 1006 3604 delineatae
1026 3558 1056 3605 ct
1078 3546 1126 3607 dc·

72 3633 193 3709 scriptae
214 3640 278 3688 aunt
297 3630 325 3687 iu
345 3628 497 3707 appendice
517 3627 552 3687 ad
567 3630 640 3687 Acta
654 3627 915 3707 Planco-Medica
930 3628 1020 3690 Acad.
1037 3630 1122 3692 Cres.
1232 3696 1236 3703 ,

73 3715 163 3793 Lcop.
186 3713 256 3775 Car.
278 3712 348 3772 Nat.
372 3712 442 3774 cm.
464 3712 536 3775 Vol.
558 3711 583 3770 l.
606 3714 689 3771 Anno
712 3717 805 3772 lm.
829 3732 893 3792 pag.
924 3715 952 3773 in
973 3715 1124 3794 appendice

74 3811 174 3878 quarta
195 3809 225 3857 ct
245 3797 461 3876 sequentinm
482 3825 525 3841 ·-
552 3796 634 3861 Licet
653 3798 732 3874 apice
754 3798 836 3876 paolo
856 3798 1012 3875 elongatius
1033 3804 1124 3861 nervia

73 3904 130 3944 non
158 3882 383 3955 tou-minantibus,
419 3883 492 3940 inter
518 3882 585 3940 lolia
616 3881 675 3941 illic
703 3880 840 3940 delineata
875 3883 1061 3943 tantumnodo
1090 3885 1126 3947 cd

78 3970 217 4046 Cupparu
234 3968 365 4027 Coronde
380 3967 429 4045 fig.
445 3971 478 4038 5,
501 3963 572 4044 quod
593 3966 797 4044 camphoratom
812 3967 1018 4028 Cinnano-un
1034 3981 1123 4043 notat,

74 4053 176 4112 retent
197 4061 300 4132 potest,
323 4063 417 4131 utpote
438 4071 492 4109 non
512 4050 685 4109 reticulatum
708 4053 814 4110 venalis
834 4051 979 4126 distinctis,
1002 4053 1051 4113 eod
1065 4066 1127 4115 tan·

77 4149 135 4195 tuan
156 4137 261 4197 venulis
282 4154 363 4214 quam
383 4137 538 4196 tenerrimis
559 4136 621 4195 lure
641 4136 824 4217 inconspicuie
837 4137 909 4197 later
922 4155 1022 4198 nervos
1037 4150 1128 4200 traca·

75 4256 277 4275 ...μω-...ι
346 4272 349 4279 ,

147 4318 171 4382 ·)
187 4315 301 4370 (litatum
319 4318 406 4371 locun
422 4318 467 4372 lte
484 4336 537 4370 nen
553 4318 705 4387 repellunt.
