2564 4986
167 114 212 182 78
488 113 568 175 Trib.
592 114 617 174 l.
662 111 890 175 Cinnamorneae.

172 305 280 387 patula,
303 304 408 362 cortice
429 301 547 383 insipido
568 313 598 362 ct
621 301 757 382 inodor03
788 301 898 361 loliis
929 301 1052 380 perlecto
1073 301 1240 364 lanceolatis

172 392 234 451 basi
262 392 435 469 maximeque
463 392 543 468 apice
576 389 742 447 acuminatis
770 381 834 474 ΗΛ
849 418 892 433 -··
909 383 971 470 o½
999 386 1118 469 pellices
1146 389 1239 466 longis

169 480 307 536 7-12
335 474 427 535 lineas
450 474 526 535 latis·
549 474 741 553 triplinerriis,
771 473 866 532 neruis
898 471 986 550 longe
1011 490 1030 530 a
1057 472 1119 531 basi
1146 477 1240 552 spatie

168 562 265 634 unitis,
288 558 442 619 substantia
463 558 607 618 loliitota
626 558 736 637 ratique
755 557 891 617 venuloso
913 556 1098 631 tennioribus,
1122 560 1240 637 petiolis

168 647 281 706 ratione
301 644 363 704 lolii
384 642 556 703 breuioribus
578 640 767 703 trilinearibus
795 660 879 721 supra
908 642 1088 722 planiuseulis
1116 640 1241 724 undique

167 730 392 814 pubescentibus,
416 726 578 809 pedunculis
597 726 760 787 exilioribus
773 728 858 785 multo
873 726 1046 805 longioribus
1060 726 1240 801 filiiorruibua

171 808 316 896 2·²³ss
336 814 454 893 pollices
476 814 577 891 longis,
600 811 661 871 basi
681 809 747 894 (sub
769 811 877 871 anthesi
899 813 973 872 sorte
993 810 1128 893 undique)
1148 813 1240 895 pube·

169 900 325 973 scentibus,
348 901 427 979 apice
441 896 552 971 tribdis,
575 896 683 957 ramulo
696 898 804 975 singulo
825 903 927 956 u-tt
947 897 1136 976 lineaslongo
1149 898 1239 978 pubo-

169 997 265 1047 seente
286 982 470 1063 probabiliter
491 983 610 1055 trilloro,
639 999 711 1041 uuue
733 992 825 1041 autom
853 981 904 1041 sub
926 982 1017 1043 lructu
1038 983 1170 1045 unilloro.
1191 1016 1240 1033 -

167 1068 356 1131 Pedicelli
385 1078 443 1126 tres
465 1068 554 1126 lineas
581 1066 670 1145 longi,
702 1066 840 1139 obconici,
870 1066 1005 1145 angulati,
1036 1064 1240 1148 pubescentes,

167 1176 230 1215 cum
252 1153 459 1235 perianthii
487 1152 553 1213 tubo
573 1152 699 1211 obsoleto
720 1153 859 1223 continui3
897 1152 973 1212 limbi
1001 1153 1121 1213 laciniae
1150 1153 1238 1215 ebar-

164 1236 398 1317 taeeo-rigidae,
432 1238 553 1317 patulae,
590 1229 652 1323 ils,
679 1237 767 1297 lineas
797 1237 912 1315 longae,
941 1237 1086 1318 aequales,
1117 1251 1234 1313 ovatae,

167 1324 367 1396 acutiusculac,
396 1334 477 1381 extus
505 1320 687 1401 pubescentes
716 1325 788 1382 intus
817 1325 955 1396 sericeae,
990 1325 1083 1382 nervis
1113 1325 1239 1407 quinqua

166 1422 248 1471 extus
270 1408 431 1489 prominulis
453 1407 580 1481 striatas,
602 1410 796 1489 persistentes,
819 1417 914 1467 sutura
935 1419 1027 1467 temen
1047 1410 1176 1489 proxime
1196 1408 1237 1473 ad

165 1494 246 1556 basin
267 1493 415 1572 separabili
435 1490 590 1571 praeditae,
619 1494 671 1565 ita,
695 1502 737 1565 nt,
766 1494 790 1552 si
812 1490 921 1552 denum
942 1491 1108 1567 ceciderint,
1131 1494 1237 1577 copula

166 1578 281 1640 sexloba
302 1579 407 1649 brevis,
438 1589 468 1636 et
494 1576 666 1637 Cinnumomi
694 1579 791 1656 generi
820 1597 874 1636 non
906 1580 1017 1637 omnino
1049 1580 1232 1655 couveniens,

165 1676 306 1747 superstes
321 1663 502 1744 relinquatur.
546 1662 668 1723 Bacca
688 1665 777 1722 bruna
791 1660 912 1740 glandis,
936 1664 1036 1737 uvalis,
1054 1676 1232 1741 nunnonau,

165 1758 188 1811 s
201 1782 245 1795 -
258 1754 279 1809 e
300 1750 388 1810 lineas
410 1751 503 1827 longa,
527 1748 628 1824 laeuis,
650 1750 679 1807 in
700 1749 803 1807 nostris
816 1749 921 1825 grisea,
945 1768 1030 1808 carne
1044 1748 1235 1812 subsuberosa

166 1834 270 1905 albida,
294 1831 431 1912 glandulis
446 1833 497 1892 sub
512 1832 681 1914 epidermide
700 1832 941 1913 protuberantibus
954 1834 1073 1915 repleta.
1112 1834 1234 1898 Testa

167 1921 323 1981 seminis
352 1919 752 1995 membranaceo-ebertueea,
775 1930 855 1977 entus
884 1921 963 2000 quasi
984 1921 1126 1998 pruinosa,
1156 1922 1234 1982 intus

164 2006 370 2077 lusco-nitens,
401 2006 508 2064 vortice
530 2004 629 2083 (basi)
659 2014 829 2076 mucronata,
861 2004 908 2065 ubi
934 2006 994 2085 bpli
1023 2024 1087 2087 pars
1116 2004 1235 2068 residua

164 2089 325 2170 suboblique
347 2088 483 2149 adhaeret
503 2090 721 2161 crustaeiormis,
746 2089 890 2165 rugulusu,
914 2090 1031 2171 pallida.
1076 2086 1232 2172 Cotylo·

42 2230 51 2253 ,
164 2173 275 2237 dones
297 2176 326 2234 in
347 2176 449 2235 nostris
471 2186 636 2254 corrogatae
657 2185 687 2233 et
707 2176 867 2253 angulatae.

246 2341 461 2404 Adnotatio.
514 2339 614 2416 Quoad
641 2342 708 2401 folia
730 2343 837 2423 species
864 2341 935 2403 baec
955 2363 1018 2406 eum
1045 2343 1231 2409 Cinnamoruo

162 2447 267 2509 genere
289 2430 389 2487 eximie
412 2429 557 2504 congrunt,
596 2437 625 2486 et
647 2446 708 2485 euni
730 2439 826 2487 sutura
847 2429 931 2488 etiam
952 2428 988 2490 ad
1008 2430 1088 2492 basin
1110 2432 1230 2495 lacinia·

162 2534 229 2575 rum
251 2514 399 2593 perianthii
419 2511 547 2586 accedat,
571 2510 682 2571 dubium
705 2533 759 2573 non
780 2510 901 2592 videtur,
931 2516 997 2597 quin
1017 2535 1049 2577 re
1071 2535 1139 2579 vera
1161 2537 1229 2600 spo-

161 2601 220 2660 cies
241 2599 279 2660 sit
300 2598 380 2659 buius
401 2598 525 2677 generis.
