2564 4986
320 1884 866 2089 'gnxenuasmsjmw
959 1982 962 1991 ·
1033 1908 1070 1923 ”

101 2388 152 2436 BR
176 2388 487 2439 mmmmm
509 2389 772 2440 Multifidi!
788 2386 1088 2452 {excommun

146 2535 226 2596 Ordo
246 2537 441 2610 Laurinnrum,
466 2536 693 2616 quemadmodum
715 2537 921 2598 characteribus
942 2541 1125 2616 gravissimis,

62 2638 195 2699 generum
218 2627 425 2702 specierumque
447 2625 639 2700 congruentia,
663 2624 813 2681 formarum
842 2621 877 2682 ad
904 2623 1020 2683 eandem
1043 2644 1127 2704 regn·

66 2708 122 2766 lam
137 2706 288 2768 officiarum
301 2726 384 2780 nexu,
402 2726 545 2767 suecorum
567 2708 739 2787 partiumque
754 2705 902 2766 solidarum
918 2710 1030 2786 ingenio
1045 2712 1128 2773 simili
1168 2772 1172 2779 ,

61 2789 224 2870 modicaque
245 2795 346 2851 virtute
368 2795 440 2852 inter
462 2811 522 2865 eos,
546 2795 592 2871 qui
615 2792 753 2852 naturales
776 2792 915 2866 dicuutur,
943 2795 1046 2853 eminet
1067 2816 1127 2854 om·

60 2877 157 2959 nique,
181 2890 211 2936 ut
232 2879 270 2938 ita
292 2876 393 2949 alicam,
417 2895 532 2935 numeru
553 2879 693 2958 expletur,
717 2880 758 2935 sie
788 2879 871 2936 etiam
893 2883 966 2938 intra
994 2881 1127 2941 terminos

60 2980 127 3020 suos
149 2962 352 3042 geographicos
374 2972 403 3020 et
423 2972 533 3021 tenetur
553 2973 583 3021 et
605 2964 643 3021 ita
664 2960 846 3035 distribuitur,
880 2974 910 3023 nt
930 2981 1017 3042 genus
1039 2965 1128 3045 qnod·

61 3065 116 3127 que
138 3044 277 3106 definitum
299 3058 396 3106 certae
417 3044 523 3106 cuidam
545 3047 621 3107 orbis
648 3058 785 3106 terrarum
815 3049 889 3127 parti
918 3051 1057 3128 proprium
1088 3052 1128 3111 sit

59 3149 151 3210 neque
172 3132 287 3191 ulterius
310 3132 479 3209 exspolietur
500 3133 623 3204 omnino,
646 3144 695 3192 aut
715 3134 814 3192 rariori
836 3134 934 3192 saltem
957 3137 1096 3215 exemplo.

143 3214 240 3276 Missis
262 3215 418 3297 Cassyteis,
447 3235 560 3296 querum
574 3216 689 3276 Trileum
712 3236 799 3297 nuper
812 3210 977 3298 Lindleyus,
1002 3221 1044 3278 sir
1066 3221 1126 3280 cle·

58 3300 197 3373 rissimns,
221 3322 238 3360 n
253 3302 366 3381 reliquis
381 3301 509 3360 Laurinis
531 3300 705 3363 dissociatum
721 3302 881 3362 Laurelium
897 3303 1033 3377 ordinem,
1057 3304 1124 3386 (nee

58 3403 130 3445 veru
151 3386 254 3445 ordinis
278 3387 378 3446 tribum
407 3404 471 3446 esse
499 3384 619 3466 docuit‚)
652 3388 776 3467 reliquae
803 3385 942 3447 Lauriuae
973 3409 1067 3449 omues
1089 3390 1125 3450 ad

58 3489 143 3530 uuam
158 3472 272 3530 arbores
287 3484 350 3531 snut
364 3482 412 3530 aut
434 3472 598 3531 arbusculae
619 3472 729 3545 saltem,
753 3473 901 3552 pleraeque
922 3477 1125 3553 sempervireu·

57 3567 103 3615 tes
125 3567 154 3613 et
175 3557 304 3634 plagae
325 3555 400 3633 globi
423 3556 508 3616 nostri
536 3556 682 3616 calidae
712 3559 889 3616 montosis
917 3559 1124 3639 alpibusque

56 3636 227 3718 adscriptae.
272 3640 373 3718 Frigus
395 3640 445 3698 snb
466 3640 525 3699 sole
546 3639 661 3701 ardente
682 3653 847 3720 quaerentes
868 3661 885 3701 e
906 3644 1032 3722 planitie,
1055 3664 1123 3724 pau·

58 3724 102 3782 eis
117 3744 226 3783 snorum
242 3726 357 3797 relictis,
381 3725 408 3783 in
424 3726 553 3784 montium
570 3728 635 3804 iuga
648 3723 819 3785 adscendunt
832 3727 920 3806 iisqne
935 3728 1011 3805 ipsae
1028 3748 1123 3791 secum

58 3805 192 3869 adierunt
214 3828 356 3870 amoenam
383 3809 539 3869 umbrarum
563 3813 736 3888 temperiem,
759 3828 776 3869 e
798 3810 877 3889 larga
898 3811 1025 3871 loliorum
1044 3832 1123 3873 corna

57 3889 243 3966 defluentem,
275 3913 308 3953 ac
336 3914 477 3954 aemorum
507 3894 654 3955 densarum
684 3896 904 3975 irriguorumque
931 3897 1122 3976 refrigeratio·

57 3995 136 4038 nem.
181 3978 263 4052 Quae
283 3982 391 4057 species
412 3990 503 4039 antem
525 3980 641 4040 alterins
661 3980 875 4059 septentrionem
897 3998 993 4039 sersus
1021 3994 1050 4042 et
1071 4003 1122 4042 an·

57 4072 147 4121 strum
168 4073 245 4123 traam
268 4065 400 4124 terminos
422 4066 561 4124 naturales
582 4063 689 4125 ordinis
708 4076 874 4142 evagantur,
904 4084 955 4125 eae
982 4076 1011 4124 et
1031 4066 1122 4147 plani·

58 4147 139 4220 tiem,
162 4148 262 4226 plagae
283 4147 426 4209 altitudine
448 4151 502 4208 iam
523 4152 718 4228 refrigeratam
738 4168 806 4208 sune
827 4151 962 4210 incolunt.

143 4231 443 4310 Species„saltem
466 4253 535 4314 quas
556 4237 691 4296 certiores
709 4251 773 4294 ease
795 4245 872 4314 puto,
902 4235 931 4294 in
962 4235 1016 4294 hue
1036 4255 1121 4316 opere

58 4319 126 4378 5282
153 4314 303 4398 descripsi,
337 4337 453 4398 quarum
487 4326 531 4383 dli
564 4330 629 4382 suut
658 4318 822 4394 Genera,
851 4318 1030 4380 Familiae
1067 4327 1118 4381 ¹³.
1163 4332 1168 4343 “
