2564 4986
517 123 626 264 u

1207 420 1212 427 .

177 797 245 866 aro
419 844 438 869 ,,
496 748 643 871 urolt.
689 795 928 879 ennemase.
961 828 968 839 ·

177 988 239 1057 bns,
263 984 398 1066 paniculis
419 985 491 1043 raris
512 982 674 1043 anillaribus
704 986 731 1043 iu
759 984 933 1045 terminalem
962 1001 1047 1066 saepe
1078 979 1247 1045 abeuntibus

178 1070 459 1141 lusco-tomentosis,
487 1068 621 1129 buctibus
646 1067 816 1149 ellipsoideis
846 1069 972 1132 costatis.
1024 1068 1126 1129 diane
1147 1068 1244 1148 Bydr,

177 1158 259 1217 Fler.
282 1155 360 1214 ch.
383 1155 450 1212 Iud.
468 1174 503 1232 p.
528 1159 602 1215 tete.

262 1242 347 1299 llum
367 1237 456 1314 ecqud
479 1237 687 1299 monticolarum
707 1236 793 1298 lavac
815 1236 1008 1300 occidentalis.

261 1321 296 1386 lu
316 1324 405 1404 sylvis
427 1324 575 1402 primaevis
595 1323 786 1397 inferioribus,
815 1341 888 1404 quae
915 1333 947 1383 ut
966 1340 1036 1402 ager
1064 1320 1155 1383 eadee
1177 1338 1247 1383 een·

178 1423 289 1471 seratur
313 1408 407 1468 excidi
433 1409 535 1469 solent.
589 1406 661 1469 Cum
686 1408 801 1468 {loribus
830 1407 1020 1488 fructibusque
1046 1406 1129 1467 simul
1156 1406 1247 1468 variis

180 1497 245 1554 onai
267 1494 436 1573 temporibus
458 1495 562 1573 reperi.
611 1492 744 1571 Lignum,
772 1492 846 1573 quud
866 1491 904 1554 ud
924 1495 1003 1554 uaria
1023 1509 1111 1573 opera
1130 1490 1247 1553 fabrilia

177 1579 334 1652 adhibetur,
358 1578 420 1638 leve
441 1588 472 1636 et
494 1578 635 1651 librosum,
659 1578 778 1639 maxime
791 1579 869 1639 cistis
890 1576 1029 1638 iaciendis
1042 1588 1085 1637 est
1099 1573 1243 1649 idoneum.

261 1648 428 1723 Truncus
449 1660 681 1743 bo-dbpedes
695 1664 781 1737 altus,
798 1665 941 1723 cacumine
954 1661 1100 1723 admodum
1115 1680 1243 1723 emese.

177 1749 322 1809 Remuli
351 1746 505 1808 adultiores
526 1749 634 1808 inferne
660 1747 818 1828 cylindrici,
851 1749 990 1809 subtiliter
1009 1746 1115 1820 striati,
1136 1746 1243 1827 glabri,

178 1833 215 1894 ad
236 1846 362 1894 exortum
384 1834 551 1894 ramulorum
574 1835 847 1914 erecto-patentium
867 1833 1063 1895 alternantium
1084 1832 1243 1893 tenuiorum

176 1916 531 1998 compresso-subditatmi,
555 1937 573 1976 e
592 1920 743 1978 virescenti
765 1920 871 1998 nigriti,
899 1936 1019 2000 superne
1039 1916 1244 1997 subaugulaees

175 2004 356 2085 pubescentia
376 2003 540 2063 brevissima
564 2004 642 2063 lusca
664 2023 771 2063 summo
793 2007 873 2086 apice
900 2004 1071 2083 ferruginea.
1121 2000 1244 2063 laneum

178 2091 268 2149 tiones
289 2107 397 2168 quoque
418 2089 539 2148 minutae
560 2089 720 2148 terminales
741 2101 771 2149 et
791 2090 927 2151 axillares
948 2087 1082 2169 globosae
1104 2103 1123 2147 e
1143 2087 1242 2168 paneis

176 2175 296 2254 squamis
317 2174 449 2233 carinatis
471 2174 598 2233 ioliaccis
619 2175 822 2248 conformatae,
853 2174 968 2254 perinde
991 2193 1024 2233 ac
1036 2168 1192 2253 'paniculae
1211 2182 1243 2233 et

174 2258 285 2338 petioli,
317 2269 396 2318 costa
416 2269 446 2317 et
467 2277 555 2318 venae
582 2259 710 2318 loliorum
744 2254 875 2319 nouorum
906 2261 994 2338 magis
1022 2260 1149 2318 minusve
1176 2268 1242 2319 sunl

175 2342 584 2421 ferrugineo-subtementosa.
634 2344 745 2403 Folia
773 2346 877 2424 petiolo
902 2338 1035 2426 ½=2s2
1059 2343 1130 2420 poll.
1155 2344 1240 2423 longe

174 2428 376 2489 ecaoaliculato
402 2431 547 2502 instructa,
576 2429 695 2502 alterna,
724 2430 846 2507 clliptica
868 2449 933 2488 raro
955 2428 1087 2506 oblongo,
1110 2427 1241 2489 breviter

174 2513 360 2573 obtusiuscule
393 2516 560 2586 acuminata,
594 2513 655 2573 basi
683 2515 811 2594 aequali·
840 2515 884 2573 vel
913 2515 1236 2593 inaequali-attenuata,

174 2590 357 2682 2¹l,-l½
376 2599 447 2678 poll.
471 2600 565 2677 longa,
598 2592 774 2681 t½-s¹,
798 2600 864 2680 poll.
889 2599 957 2672 lata,
981 2599 1121 2672 coriacea,
1151 2616 1237 2678 supra

172 2684 352 2763 giubettino,
376 2685 493 2743 obscure
516 2681 613 2742 uiridia
635 2704 696 2743 cum
719 2688 819 2758 nitore,
850 2685 926 2742 nulla
954 2686 1027 2743 inter
1056 2701 1144 2742 venas
1170 2685 1236 2744 situ-

172 2770 261 2847 pliees
283 2789 382 2830 curvas
404 2769 607 2841 reticulatione,
634 2772 662 2829 in
683 2771 785 2849 pagina
807 2770 911 2829 dorseli
932 2767 1179 2847 griseo-viridate,
1207 2778 1237 2827 et

175 2852 210 2913 ad
233 2867 336 2914 eostam
364 2873 504 2934 uenasque
532 2855 650 2932 vestigio
679 2859 780 2933 exiguo
802 2855 997 2935 pubescentiac
1027 2855 1161 2927 minutae,
1190 2852 1235 2913 bic

171 2941 332 3000 tenuissime
353 2941 512 2998 reticulata.
563 2939 766 2998 Paniculac
788 2939 823 2999 ad
845 2942 938 3018 apices
959 2939 1128 2998 ramulorum
1150 2939 1236 2999 alter·

172 3026 256 3084 natim
278 3023 439 3104 dispositae,
463 3024 606 3094 ancillares,
629 3026 731 3103 passim
752 3027 781 3084 in
802 3026 954 3104 paniculum
978 3024 1156 3083 terminalem
1174 3025 1235 3083 uni·

172 3128 232 3166 cam
255 3108 468 3167 uentosissimum
493 3110 674 3182 conllucntcs,
708 3110 783 3167 loliis
806 3112 891 3187 vulgo
913 3111 1054 3188 aliquanto
1075 3108 1231 3181 breuiores,

171 3192 305 3252 interdum
328 3212 362 3250 ea
383 3190 581 3270 adaequantes,
612 3227 655 3236 -
682 3195 729 3252 ani
750 3197 825 3252 moui
854 3195 1126 3273 compresso-tereti
1146 3213 1232 3274 usque

170 3274 205 3335 ad
225 3275 364 3336 dimidium
387 3276 565 3354 longitudinis
580 3275 664 3350 nudo,
688 3297 706 3336 a
721 3277 811 3337 medio
825 3277 860 3338 ad
875 3281 981 3358 apicem
999 3297 1084 3358 usqne
1099 3279 1127 3337 in
1142 3298 1232 3338 ramm

169 3380 280 3440 sparsos
301 3361 495 3421 decrescentes
510 3361 610 3420 breues
632 3373 728 3422 tenues
743 3361 843 3437 diviso,
867 3384 980 3443 quorum
997 3364 1147 3423 interiores
1168 3375 1231 3424 sunt

169 3444 331 3517 dicbotomi,
360 3445 516 3506 intermedii
544 3451 871 3527 operoso-septemllori,
904 3450 1064 3509 terminales
1094 3466 1132 3507 cx
1153 3449 1230 3528 apice

166 3627 279 3680 natali
307 3630 406 3680 vivae
435 3629 659 3681 examinando
688 3628 826 3700 plantas
859 3631 958 3682 lurae
983 3629 1118 3683 insulae
1145 3630 1228 3682 iadi-

166 3731 271 3783 genau
293 3713 492 3766 adnotavit.
530 3712 709 3784 Quaecunque
727 3717 810 3784 igitur
832 3716 859 3766 in
883 3716 936 3767 isto
960 3732 1056 3782 genere
1084 3722 1230 3768 occurrunt

167 3800 281 3868 specics,
306 3800 412 3850 adiecto
430 3797 528 3849 Blumii
552 3801 659 3852 nornine
678 3809 786 3853 ornatae
804 3807 884 3871 atque
901 3801 935 3850 ad
953 3801 1052 3851 calceum
1070 3799 1229 3853 characteris

165 3884 285 3954 specifici
303 3885 417 3954 repetito
434 3884 525 3934 eodem
543 3886 648 3935 nomine
668 3892 715 3936 aut
732 3888 816 3937 citato
830 3886 886 3936 cius
900 3884 978 3948 libro,
997 3886 1045 3952 qui
1057 3886 1226 3938 inscribiturs

164 3976 310 4037 andrapon
327 3981 366 4023 tot
382 3978 414 4021 ee
431 3977 513 4022 Floro
530 3986 584 4021 com
596 3978 803 4023 b'edcrlendsrt
821 3973 899 4023 tercie
916 3973 1046 4036 signatae,
1065 3988 1157 4023 earn·
1174 3988 1227 4020 nm·

163 4053 237 4103 nium
261 4061 315 4105 tam
339 4054 479 4123 diagneses
503 4071 581 4123 quam
604 4055 796 4124 descriptiones
814 4055 938 4105 Blamii
964 4071 1020 4105 esee
1037 4062 1115 4121 grato
1139 4057 1226 4107 aniate

163 4137 292 4188 confiteor
308 4139 457 4207 iterumque
475 4141 575 4207 gratius
592 4155 652 4207 ago.
689 4138 779 4207 Neque
797 4147 883 4190 tomen
901 4140 965 4190 solis
979 4138 1067 4189 verbis
1085 4140 1137 4191 viri
1153 4156 1225 4210 prae·

163 4221 321 4273 stantiesimi
337 4223 378 4273 uti
394 4224 481 4284 licuit,
501 4226 548 4275 sed
566 4224 699 4276 stridere
723 4226 794 4276 sicea
819 4224 964 4291 specimina
982 4225 1128 4294 eculeoque
1146 4231 1224 4276 testea

161 4305 298 4358 adsumere
325 4322 427 4367 eom,
455 4325 524 4376 quac
551 4309 624 4360 orani
651 4325 761 4360 numero
786 4308 918 4379 completa
942 4310 970 4360 in
999 4308 1222 4381 descriptionibus

157 4391 273 4444 auctoris
289 4390 423 4462 leguntur.
