2564 4986
56 35 942 339 -

1165 426 1172 438 Ι

833 484 835 491 ι

371 496 377 505 ι

445 806 841 875 lanuino-:tim
1153 806 1180 879 θ’

113 997 137 1054 in
164 994 286 1073 singula·
302 992 441 1055 diuisione
468 996 539 1056 llore
565 992 741 1057 intermedio.
796 993 953 1059 Mente
984 999 1012 1057 in
1039 999 1179 1081 plerisque

113 1083 177 1139 lore
197 1081 306 1160 primae
326 1091 377 1140 ant
397 1079 536 1141 notandae
556 1078 699 1142 divisionis
719 1078 824 1155 modio,
845 1082 945 1143 ramuli
962 1082 1051 1142 ultimi
1063 1087 1176 1164 panico·

114 1167 152 1223 lae
175 1170 194 1225 b
215 1166 332 1225 lloribns
352 1165 487 1245 pudent,
508 1163 604 1235 addito
625 1176 717 1227 antem
738 1166 787 1225 illo
808 1185 860 1229 sex
880 1167 925 1227 uel
946 1178 1067 1247 septen.
1119 1170 1176 1231 Ubi

114 1251 177 1309 rani
198 1250 347 1331 paniculae
368 1251 457 1329 magis
478 1251 654 1324 evolvuntur,
683 1249 721 1311 nd
741 1253 893 1312 eommunis
911 1250 1060 1332 peduneuli
1081 1266 1177 1334 typum

114 1337 159 1415 ipsi
179 1334 349 1395 necdentes
369 1354 475 1415 parvae
496 1347 561 1395 sunt
580 1335 739 1415 paniculae.
783 1336 815 1396 ln
830 1336 957 1397 debiliori
971 1338 1176 1399 innotescentia

114 1421 206 1480 triboci
227 1431 295 1481 sunt
315 1421 428 1492 umuli,
459 1421 520 1480 solo
541 1421 632 1480 modio
654 1423 794 1500 utriusque
816 1421 958 1481 divisionis
985 1426 1056 1483 iloto
1080 1424 1176 1485 ,adhuc

113 1507 267 1584 sapsa-stite.
312 1505 463 1585 Magisque
484 1515 576 1565 anteon
605 1507 634 1565 in
656 1504 846 1584 compendium
872 1506 987 1566 redacta
1015 1510 1104 1567 omnis
1133 1512 1177 1571 in·

112 1593 283 1651 bematis
304 1591 439 1650 amalum
466 1586 600 1649 eiusmodi
631 1591 744 1651 exbibet
772 1592 852 1669 apice
880 1592 1181 1675 cymuloso·bibdum,'

114 1677 504 1738 tt·12·8·7·5·llorum.
549 1675 581 1735 ln
598 1677 720 1752 Caespes
734 1676 955 1737 innotescendus
976 1677 1037 1736 anis
1052 1680 1172 1758 integer,

111 1760 220 1820 dolerem
235 1762 334 1833 nmis,
356 1761 441 1821 liores
461 1761 518 1820 lert
539 1761 566 1819 in
588 1761 678 1840 spicas
700 1759 840 1823 redactos.
855 1795 899 1807 -
918 1761 1088 1823 llraotcolae
1109 1785 1174 1844 par·

111 1846 423 1926 assequendorum,
456 1843 493 1905 nd
518 1845 598 1905 basin
625 1846 855 1909 semibeationum
886 1848 1008 1909 omnium
1039 1849 1174 1926 esistunt,

110 1932 155 1990 snb
174 1933 368 2012 explicatione
387 1932 609 1995 infloresocntiae
630 1930 818 2010 aufugientes.

188 2107 245 2165 ld.
288 2097 484 2161 Pedicelli
511 2101 650 2181 proprii
682 2112 746 2180 post
773 2099 900 2161 anthosin
932 2103 1020 2180 magis
1049 2105 1174 2169 minusve

109 2186 210 2264 apicem
233 2187 523 2259 neminemnam,
546 2197 652 2246 tument
673 2188 830 2266 uigentque,
852 2187 1001 2266 periantbii
1022 2207 1084 2249 cunt
1107 2192 1174 2253 tubo

109 2275 287 2331 mulcentes.
339 2270 424 2345 Sunt,
460 2291 574 2352 quarum
605 2269 744 2350 pedicelli‚
775 2291 836 2330 cum
870 2273 975 2331 fructus
1002 2274 1174 2337 incremento
1252 2300 1255 2307 ·

108 2377 183 2435 qnnur
205 2357 329 2416 manime
350 2357 508 2428 incrassati,
539 2356 702 2427 succulenti,
732 2357 861 2428 colonati,
892 2359 964 2416 recti
985 2358 1029 2416 tel
1051 2361 1171 2437 incursi,
1259 2414 1263 2431 ,

111 2440 215 2502 inactus
236 2442 332 2522 specie
354 2442 446 2502 aliena
467 2441 577 2501 lullant.
625 2444 764 2519 Cossytne
785 2444 869 2501 llorcs
888 2443 1002 2503 sussilcs
1023 2458 1099 2505 sont.
1245 2438 1249 2447 ’

186 2617 242 2672 ld.
287 2611 543 2672 Periantlnium
574 2629 591 2670 e
619 2608 719 2688 duplici
750 2611 887 2670 verticillo
915 2612 1083 2692 sepalorum‚
1112 2615 1174 2679 basi

109 2696 200 2756 maiori
233 2698 371 2757 minorive
402 2699 492 2779 spatio
520 2699 547 2756 in
577 2696 669 2755 tubum
698 2707 893 2768 concinionum,
928 2709 1056 2770 constat3
1092 2690 1173 2763 tubus

110 2783 258 2857 perstatis
281 2782 420 2853 omnibus,
447 2783 495 2842 ubi
521 2800 590 2840 vcro
619 2780 797 2838 brevissimus
825 2793 881 2852 est,
910 2782 962 2839 sub
991 2783 1083 2842 lnuctu
1113 2789 1173 2847 lore

113 2869 261 2940 ‹sanenm
287 2868 315 2927 in
331 2868 394 2926 aliis
416 2880 507 2927 nutent
530 2877 629 2927 natura
650 2864 773 2936 brevior,
798 2883 849 2939 nep
864 2865 1001 2938 minimus,
1026 2867 1173 2933 indiscunt

114 2951 287 3012 orbicularem
320 2953 503 3032 explanatum
539 2953 566 3011 in
601 2952 663 3009 aliis
692 2949 786 3030 cyathi
823 2949 942 3009 indurati
969 2962 999 3010 et
1025 2953 1174 3017 incrassati

113 3038 194 3095 forna
223 3058 287 3097 cum
315 3035 454 3117 pedieello
475 3041 629 3097 incrassato
651 3035 782 3113 coulluit3
812 3037 840 3094 in
869 3037 942 3107 aliis,
972 3036 1019 3095 ubi
1047 3038 1171 3119 longior,

107 3124 222 3182 fructum
243 3126 357 3182 omnino
378 3124 490 3184 investit
510 3120 678 3201 clauditque,
710 3132 739 3179 et
769 3131 833 3179 tunc
860 3118 968 3201 quidem
997 3126 1173 3187 succulentus

106 3227 273 3267 mrnosnsse
293 3207 345 3267 sub
367 3209 532 3269 maturitatis
553 3219 659 3286 tempus
681 3207 855 3284 inspissatur.
900 3206 973 3267 Pars
988 3206 1075 3268 libera
1090 3231 1171 3291 sepa-

105 3292 206 3369 lorum,
234 3293 347 3353 limbum
370 3292 504 3366 alliciens,
534 3303 632 3372 patens
659 3303 708 3349 anst
729 3303 835 3363 erecta,
863 3309 947 3370 saepe
969 3294 1122 3372 pubescens
1144 3310 1173 3358 et

107 3377 175 3436 intua
195 3379 347 3457 praecipue
368 3380 487 3452 sericea,
520 3379 606 3436 tornis
628 3376 752 3455 quinisve
781 3376 873 3434 nortis
903 3376 1003 3452 divisa,
1033 3381 1171 3457 glandulis

106 3463 280 3522 subcutancis
310 3463 454 3542 pellucidis
480 3473 623 3542 punctatur,
647 3461 870 3532 membranacea,
895 3460 1055 3538 chartacea,
1079 3469 1171 3528 coria·

105 3565 169 3618 cca,
190 3549 220 3606 in
241 3548 304 3607 aliis
324 3549 460 3628 persistit,
484 3566 538 3607 uon
560 3547 672 3607 multum
688 3544 779 3621 quoad
799 3547 1006 3607 consistentiam
1021 3561 1051 3608 et
1064 3555 1172 3631 magni·

106 3631 193 3690 dinen
207 3633 369 3704 immutata3
393 3633 421 3693 in
442 3632 505 3692 aliis
526 3633 598 3705 basi,
622 3632 650 3690 in
671 3631 735 3690 aliis
757 3628 859 3703 medio,
882 3633 928 3691 vel
949 3652 1035 3713 prope
1055 3655 1073 3694 a
1092 3637 1166 3710 basi,

105 3718 131 3774 in
145 3718 207 3775 aliis
217 3716 289 3777 inira
300 3719 406 3798 apicem
418 3717 565 3778 secundnm
577 3728 698 3777 suturam
715 3716 941 3788 transversum,
957 3728 1019 3796 post
1029 3733 1171 3798 pernetam

106 3803 228 3861 antbesin
245 3802 292 3862 vel
313 3805 429 3882 primum
452 3815 542 3862 natam
566 3803 610 3861 vel
632 3815 688 3862 tuus
711 3799 818 3859 demum
841 3814 1030 3881 apparentem,
1053 3806 1170 3869 soluitur·

108 3888 250 3966 caditque3
273 3886 321 3946 ubi
336 3908 401 3967 pars
422 3887 512 3967 aliqua
534 3888 610 3946 limbi
631 3883 742 3946 residua
763 3906 825 3944 cunt
848 3889 913 3946 tubo
936 3901 1074 3967 romanet,
1096 3891 1168 3954 ltaee

109 3992 166 4031 nox
179 3974 297 4050 rigescit
311 3985 341 4032 et
352 3971 479 4033 indurata
494 3973 521 4032 iu
540 3973 666 4053 copulam
684 3991 701 4030 a
724 3971 788 4031 tubo
810 3972 957 4031 formatam
974 3972 1043 4047 abit,
1067 3980 1170 4057 mangi.

109 4075 164 4115 nen
181 4059 242 4117 eins
264 4069 419 4118 mommo
436 4059 604 4138 inuisumque
618 4058 759 4130 ellicicns3
782 4058 920 4116 nonnullis
943 4058 1039 4118 limbus
1062 4063 1171 4142 integer

108 4139 307 4222 dnmsocnsqoe
329 4163 390 4202 cum
413 4144 478 4203 tubo
500 4162 550 4202 suo
572 4143 700 4220 copulam
722 4143 879 4218 regularem
903 4142 1021 4202 lobatam
1045 4151 1166 4209 conticit.

108 4225 204 4286 Paucis
225 4227 326 4287 limbus
347 4227 382 4287 ab
409 4229 487 4288 initio
517 4226 607 4299 deest,
636 4227 851 4305 stanninibusquc
881 4239 933 4298 tot,
965 4241 1031 4308 quot
1053 4232 1170 4305 laciniae

109 4309 244 4383 deliniant,
268 4313 345 4372 uicos
366 4332 460 4372 earum
481 4313 653 4393 supplentur.
699 4310 843 4372 Verticilli
857 4314 1011 4392 scpnlornm
1025 4317 1068 4374 ucl
1084 4318 1166 4392 binis,

109 4395 148 4452 sel
171 4399 257 4457 ternis
279 4398 402 4476 partibus
430 4409 568 4470 constant,
598 4409 625 4455 et
654 4397 825 4474 ditergcntln
856 4394 895 4480 γ,
925 4400 968 4456 nol
1003 4395 1039 4480 ψ,
1071 4403 1108 4462 ita
1136 4425 1169 4465 se
