2564 4986
57 1715 137 1785 Vll.
167 1714 364 1785 BOLDU.
407 1721 448 1780 Ν.
466 1719 504 1781 ab
518 1720 553 1780 Ε.
571 1721 662 1781 baur.
678 1721 763 1800 Drip.
777 1720 887 1802 Progr.
906 1743 942 1802 p.
960 1725 1010 1784 tt.
1035 1744 1065 1786 a.
1084 1733 1114 1786 7.

262 1819 362 1881 Peumi
381 1840 444 1903 spp.
466 1823 539 1883 Mal.
583 1819 686 1896 Buldu,
709 1823 818 1885 Fcttt'lld
840 1823 915 1885 citt.

141 1988 274 2050 Floras
295 1989 523 2070 hermapbmditi,
547 1990 710 2071 paniculati,
736 1987 811 2051 nudi.
855 1989 1117 2054 Perinthiam

60 2072 206 2150 scabidum,
223 2075 401 2155 subaequalc,
418 2087 549 2147 rotatum,
564 2075 674 2136 laciniis
689 2075 845 2135 chartaceis
859 2096 914 2137 nun
928 2078 1040 2137 muntia
1053 2097 1118 2158 per·

60 2158 232 2219 sistentibus.
276 2161 437 2219 Stamina
459 2160 563 2220 fertilia
585 2178 683 2220 navem
705 2160 808 2239 triplici
822 2164 908 2234 serie,
931 2180 1046 2243 quoram
1063 2167 1118 2224 tria

61 2244 193 2305 interiora
214 2241 353 2323 glandulis
375 2245 491 2324 geminis
512 2242 654 2305 sessiiibus
675 2246 789 2325 stipata.
839 2244 1027 2307 Antherae
1053 2247 1117 2308 sub·

61 2340 171 2402 emme,
198 2327 463 2405 bilacellatae,
493 2331 611 2390 valvulis
637 2326 751 2390 totidem
779 2326 1011 2393 adscendentibus
1038 2329 1116 2392 dehi-

61 2426 181 2487 aeratas,
212 2413 317 2475 locellis
338 2417 444 2495 apicem
465 2415 600 2475 antherae
620 2435 675 2474 non
697 2416 906 2495 attingentibus,
930 2430 981 2475 sex
994 2419 1116 2478 exteriu-

62 2516 120 2559 ratn
140 2500 289 2559 introrsum
310 2503 392 2559 trium
420 2502 581 2560 interiorum
609 2511 763 2560 extrorsum
793 2500 991 2580 spectantibus.
1036 2502 1117 2562 Sta-

63 2583 216 2645 niuudia
243 2586 296 2646 tria
323 2585 482 2645 subsessilia
511 2585 674 2665 triangulari
688 2584 841 2645 ·suhulata
873 2585 902 2646 in
928 2587 1002 2644 serie
1027 2589 1119 2666 magia

62 2670 194 2730 interiori.
230 2667 351 2729 Bacca
364 2670 519 2751 perinutbia
534 2672 699 2751 persistente
714 2689 769 2729 uua
783 2679 887 2730 mutata
903 2670 1027 2734 nonnihil
1040 2672 1115 2751 rige-

64 2765 156 2815 secuta
170 2752 231 2814 basi
246 2756 348 2829 cincta,
372 2752 509 2835 pedicella
523 2756 675 2814 incrassato
689 2754 828 2833 imposita.

141 2872 452 2933 lallarcscentia:
504 2870 698 2953 paniculae
735 2889 856 2950 parvae,
895 2869 1049 2949 rigidulea,
1087 2878 1116 2933 in

64 2955 148 3017 taillia
169 2957 296 3017 loliorum
317 2960 488 3036 superiorum
508 2955 713 3036 suheppnsitae.

142 3075 308 3136 Gammae
330 3075 464 3136 hiualves.
499 3072 609 3134 Folia
628 3072 787 3146 reticulata,
805 3074 1113 3153 venosapsuutnervta,

65 3157 245 3242 mbnppasita.

142 3326 363 3390 Adnotatio.
417 3325 465 3386 Ad
485 3322 761 3407 Apolloniadem
788 3342 875 3405 genus
897 3342 928 3385 sc
949 3325 1044 3397 habet,
1073 3322 1116 3386 ¹'ati

64 3411 166 3474 Persea
187 3412 222 3474 ad
247 3414 392 3486 0cotcam‚
426 3431 478 3471 nce
499 3412 559 3472 iere
581 3410 684 3485 diliert,
716 3407 789 3490 quad
815 3408 850 3469 ad
878 3408 1066 3484 characteres,
1096 3429 1114 3470 a

65 3496 185 3572 Perseis,
209 3500 261 3558 nisi
283 3497 450 3558 antberis
472 3495 652 3569 bilucellatis;
680 3496 842 3573 longissime
864 3504 953 3554 autera
976 3495 1115 3574 discrepat

62 3584 164 3666 telique
185 3582 280 3644 babitu
302 3595 331 3642 et
353 3583 480 3643 loliorum
504 3594 625 3657 textura,
649 3581 798 3641 almerita
820 3591 974 3658 separetur.

59 3707 259 3725 ’.ι-ο-

121 3768 147 3837 ’)
166 3767 266 3821 Nomen
283 3765 432 3830 barbarum,
453 3780 506 3835 qun
524 3760 603 3816 arbor
620 3762 684 3815 haec
702 3760 849 3835 abniacnlia
865 3767 981 3816 nomam.

418 4057 756 4078 Μ
