<?xml version="1.0" encoding="UTF-8"?>
<!DOCTYPE html PUBLIC "-//W3C//DTD XHTML 1.0 Transitional//EN"
    "http://www.w3.org/TR/xhtml1/DTD/xhtml1-transitional.dtd">
<html xmlns="http://www.w3.org/1999/xhtml" xml:lang="en" lang="en">
 <head>
  <title>
</title>
<meta http-equiv="Content-Type" content="text/html;charset=utf-8" />
  <meta name='ocr-system' content='tesseract 3.04.00' />
  <meta name='ocr-capabilities' content='ocr_page ocr_carea ocr_par ocr_line ocrx_word'/>
</head>
<body>
  <div class='ocr_page' id='page_1' title='image "./systemalaurinar00esengoog_0033.png"; bbox 0 0 2564 4986; ppageno 0'>
   <div class='ocr_carea' id='block_1_1' title="bbox 443 782 1256 859">
    <p class='ocr_par' dir='ltr' id='par_1_1' title="bbox 443 782 1256 859">
     <span class='ocr_line' id='line_1_1' title="bbox 443 782 1256 859; baseline 0.002 -13"><span class='ocrx_word' id='word_1_1' title='bbox 443 784 832 849; x_wconf 83' lang='lat' dir='ltr'>latroulactio.</span> <span class='ocrx_word' id='word_1_2' title='bbox 1131 792 1175 859; x_wconf 77' lang='grc'>11</span> <span class='ocrx_word' id='word_1_3' title='bbox 1242 782 1256 795; x_wconf 85' lang='grc'><em>“</em></span> 
     </span>
    </p>
   </div>
   <div class='ocr_carea' id='block_1_2' title="bbox 105 971 1239 3855">
    <p class='ocr_par' dir='ltr' id='par_1_2' title="bbox 105 971 1205 3007">
     <span class='ocr_line' id='line_1_2' title="bbox 105 971 1169 1059; baseline 0.005 -23"><span class='ocrx_word' id='word_1_4' title='bbox 105 986 163 1036; x_wconf 84' lang='lat' dir='ltr'>tam</span> <span class='ocrx_word' id='word_1_5' title='bbox 184 973 376 1054; x_wconf 73' lang='lat' dir='ltr'>uegetamiom</span> <span class='ocrx_word' id='word_1_6' title='bbox 398 991 478 1053; x_wconf 89' lang='lat' dir='ltr'>qnam</span> <span class='ocrx_word' id='word_1_7' title='bbox 500 974 703 1052; x_wconf 74' lang='lat' dir='ltr'>procreantium</span> <span class='ocrx_word' id='word_1_8' title='bbox 724 971 939 1053; x_wconf 85' lang='lat' dir='ltr'>proprietatibus</span> <span class='ocrx_word' id='word_1_9' title='bbox 959 993 1053 1039; x_wconf 90' lang='lat' dir='ltr'>secum</span> <span class='ocrx_word' id='word_1_10' title='bbox 1069 983 1169 1059; x_wconf 74' lang='lat' dir='ltr'>tnagis,</span> 
     </span>
     <span class='ocr_line' id='line_1_3' title="bbox 106 1057 1172 1143; baseline 0.006 -23"><span class='ocrx_word' id='word_1_11' title='bbox 106 1079 190 1143; x_wconf 78' lang='lat' dir='ltr'>qnam</span> <span class='ocrx_word' id='word_1_12' title='bbox 212 1077 274 1117; x_wconf 90' lang='lat' dir='ltr'>cum</span> <span class='ocrx_word' id='word_1_13' title='bbox 296 1057 422 1138; x_wconf 86' lang='lat' dir='ltr'>reliquis,</span> <span class='ocrx_word' id='word_1_14' title='bbox 453 1058 581 1137; x_wconf 80' lang='lat' dir='ltr'>coniungi</span> <span class='ocrx_word' id='word_1_15' title='bbox 603 1076 717 1119; x_wconf 89' lang='lat' dir='ltr'>necesse</span> <span class='ocrx_word' id='word_1_16' title='bbox 739 1069 823 1118; x_wconf 86' lang='lat' dir='ltr'>esset.</span> <span class='ocrx_word' id='word_1_17' title='bbox 875 1058 1078 1123; x_wconf 78' lang='lat' dir='ltr'>Verumtamen</span> <span class='ocrx_word' id='word_1_18' title='bbox 1101 1068 1172 1125; x_wconf 76' lang='lat' dir='ltr'>Cas·</span> 
     </span>
     <span class='ocr_line' id='line_1_4' title="bbox 108 1141 1171 1223; baseline 0.006 -19"><span class='ocrx_word' id='word_1_19' title='bbox 108 1154 174 1223; x_wconf 67' lang='lat' dir='ltr'>epta</span> <span class='ocrx_word' id='word_1_20' title='bbox 202 1144 263 1216; x_wconf 87' lang='lat' dir='ltr'>illa,</span> <span class='ocrx_word' id='word_1_21' title='bbox 292 1141 443 1203; x_wconf 87' lang='lat' dir='ltr'>Cuscutam</span> <span class='ocrx_word' id='word_1_22' title='bbox 471 1143 589 1222; x_wconf 83' lang='lat' dir='ltr'>aliquam</span> <span class='ocrx_word' id='word_1_23' title='bbox 621 1144 758 1213; x_wconf 82' lang='lat' dir='ltr'>relucens,</span> <span class='ocrx_word' id='word_1_24' title='bbox 787 1154 816 1201; x_wconf 89' lang='lat' dir='ltr'>ct</span> <span class='ocrx_word' id='word_1_25' title='bbox 844 1143 1056 1223; x_wconf 64' lang='lat' dir='ltr'>Cryptocaryc,</span> <span class='ocrx_word' id='word_1_26' title='bbox 1093 1151 1171 1211; x_wconf 86' lang='lat' dir='ltr'>cuius</span> 
     </span>
     <span class='ocr_line' id='line_1_5' title="bbox 112 1225 1172 1307; baseline 0.007 -18"><span class='ocrx_word' id='word_1_27' title='bbox 112 1229 221 1290; x_wconf 83' lang='lat' dir='ltr'>lructus</span> <span class='ocrx_word' id='word_1_28' title='bbox 244 1225 311 1286; x_wconf 81' lang='lat' dir='ltr'>tulto</span> <span class='ocrx_word' id='word_1_29' title='bbox 338 1227 487 1307; x_wconf 84' lang='lat' dir='ltr'>pcriautlnii</span> <span class='ocrx_word' id='word_1_30' title='bbox 509 1227 660 1306; x_wconf 72' lang='lat' dir='ltr'>obtegitur,</span> <span class='ocrx_word' id='word_1_31' title='bbox 690 1230 855 1287; x_wconf 75' lang='lat' dir='ltr'>ethaeros</span> <span class='ocrx_word' id='word_1_32' title='bbox 874 1227 1079 1305; x_wconf 68' lang='lat' dir='ltr'>notuerat,</span> <span class='ocrx_word' id='word_1_33' title='bbox 1101 1235 1172 1296; x_wconf 93' lang='lat' dir='ltr'>lloro</span> 
     </span>
     <span class='ocr_line' id='line_1_6' title="bbox 112 1309 1173 1395; baseline 0.008 -23"><span class='ocrx_word' id='word_1_34' title='bbox 112 1313 292 1395; x_wconf 84' lang='lat' dir='ltr'>quaternario</span> <span class='ocrx_word' id='word_1_35' title='bbox 313 1310 437 1391; x_wconf 76' lang='lat' dir='ltr'>guulcns</span> <span class='ocrx_word' id='word_1_36' title='bbox 458 1313 635 1393; x_wconf 78' lang='lat' dir='ltr'><strong>pluribusque</strong></span> <span class='ocrx_word' id='word_1_37' title='bbox 657 1309 832 1391; x_wconf 74' lang='lat' dir='ltr'>staminibus,</span> <span class='ocrx_word' id='word_1_38' title='bbox 864 1323 893 1370; x_wconf 92' lang='lat' dir='ltr'>et</span> <span class='ocrx_word' id='word_1_39' title='bbox 918 1325 998 1372; x_wconf 77' lang='lat' dir='ltr'>extra</span> <span class='ocrx_word' id='word_1_40' title='bbox 1026 1315 1077 1375; x_wconf 79' lang='lat' dir='ltr'>luas</span> <span class='ocrx_word' id='word_1_41' title='bbox 1099 1319 1173 1381; x_wconf 84' lang='lat' dir='ltr'>aliae</span> 
     </span>
     <span class='ocr_line' id='line_1_7' title="bbox 110 1395 1174 1480; baseline 0.008 -24"><span class='ocrx_word' id='word_1_42' title='bbox 110 1417 219 1480; x_wconf 81' lang='lat' dir='ltr'>quoqne</span> <span class='ocrx_word' id='word_1_43' title='bbox 242 1396 449 1456; x_wconf 72' lang='lat' dir='ltr'>diversissimae</span> <span class='ocrx_word' id='word_1_44' title='bbox 475 1395 573 1458; x_wconf 79' lang='lat' dir='ltr'>indolis</span> <span class='ocrx_word' id='word_1_45' title='bbox 603 1399 777 1477; x_wconf 83' lang='lat' dir='ltr'>omniumque</span> <span class='ocrx_word' id='word_1_46' title='bbox 796 1395 1016 1458; x_wconf 86' lang='lat' dir='ltr'>inlloresccntiae</span> <span class='ocrx_word' id='word_1_47' title='bbox 1037 1401 1174 1479; x_wconf 60' lang='lat' dir='ltr'>maleum</span> 
     </span>
     <span class='ocr_line' id='line_1_8' title="bbox 110 1481 1170 1564; baseline 0.004 -20"><span class='ocrx_word' id='word_1_48' title='bbox 110 1486 230 1564; x_wconf 77' lang='lat' dir='ltr'>species,</span> <span class='ocrx_word' id='word_1_49' title='bbox 255 1483 457 1560; x_wconf 85' lang='lat' dir='ltr'>gemmillorae,</span> <span class='ocrx_word' id='word_1_50' title='bbox 479 1483 691 1555; x_wconf 86' lang='lat' dir='ltr'>umbellilloruc‚</span> <span class='ocrx_word' id='word_1_51' title='bbox 714 1481 881 1559; x_wconf 88' lang='lat' dir='ltr'>spicillorae‚</span> <span class='ocrx_word' id='word_1_52' title='bbox 904 1483 1077 1561; x_wconf 90' lang='lat' dir='ltr'>paniculatae</span> <span class='ocrx_word' id='word_1_53' title='bbox 1097 1499 1170 1563; x_wconf 67' lang='lat' dir='ltr'>cet„</span> 
     </span>
     <span class='ocr_line' id='line_1_9' title="bbox 111 1563 1170 1651; baseline 0.007 -24"><span class='ocrx_word' id='word_1_54' title='bbox 111 1566 235 1628; x_wconf 82' lang='lat' dir='ltr'>ciusdem</span> <span class='ocrx_word' id='word_1_55' title='bbox 257 1567 369 1646; x_wconf 78' lang='lat' dir='ltr'>generis</span> <span class='ocrx_word' id='word_1_56' title='bbox 390 1566 483 1626; x_wconf 88' lang='lat' dir='ltr'>lorent</span> <span class='ocrx_word' id='word_1_57' title='bbox 503 1565 657 1640; x_wconf 83' lang='lat' dir='ltr'>habendae,</span> <span class='ocrx_word' id='word_1_58' title='bbox 692 1567 789 1647; x_wconf 86' lang='lat' dir='ltr'>quibus</span> <span class='ocrx_word' id='word_1_59' title='bbox 810 1563 1013 1627; x_wconf 84' lang='lat' dir='ltr'>evidentissime</span> <span class='ocrx_word' id='word_1_60' title='bbox 1034 1574 1170 1651; x_wconf 87' lang='lat' dir='ltr'>sequitur,</span> 
     </span>
     <span class='ocr_line' id='line_1_10' title="bbox 111 1651 1172 1733; baseline 0.005 -19"><span class='ocrx_word' id='word_1_61' title='bbox 111 1655 222 1714; x_wconf 75' lang='lat' dir='ltr'>mani-i</span> <span class='ocrx_word' id='word_1_62' title='bbox 243 1654 318 1712; x_wconf 89' lang='lat' dir='ltr'>inter</span> <span class='ocrx_word' id='word_1_63' title='bbox 338 1651 516 1712; x_wconf 73' lang='lat' dir='ltr'>characteres</span> <span class='ocrx_word' id='word_1_64' title='bbox 530 1670 663 1733; x_wconf 78' lang='lat' dir='ltr'>generum</span> <span class='ocrx_word' id='word_1_65' title='bbox 685 1651 846 1711; x_wconf 90' lang='lat' dir='ltr'>locellorum</span> <span class='ocrx_word' id='word_1_66' title='bbox 868 1671 1010 1712; x_wconf 90' lang='lat' dir='ltr'>numerum</span> <span class='ocrx_word' id='word_1_67' title='bbox 1032 1675 1086 1715; x_wconf 93' lang='lat' dir='ltr'>non</span> <span class='ocrx_word' id='word_1_68' title='bbox 1107 1677 1172 1719; x_wconf 87' lang='lat' dir='ltr'>essa</span> 
     </span>
     <span class='ocr_line' id='line_1_11' title="bbox 112 1734 1171 1819; baseline 0.005 -22"><span class='ocrx_word' id='word_1_69' title='bbox 112 1738 256 1810; x_wconf 87' lang='lat' dir='ltr'>momenti,</span> <span class='ocrx_word' id='word_1_70' title='bbox 279 1734 329 1797; x_wconf 84' lang='lat' dir='ltr'>setl</span> <span class='ocrx_word' id='word_1_71' title='bbox 351 1736 502 1797; x_wconf 75' lang='lat' dir='ltr'>interioris.</span> <span class='ocrx_word' id='word_1_72' title='bbox 546 1736 708 1817; x_wconf 84' lang='lat' dir='ltr'>inutraque</span> <span class='ocrx_word' id='word_1_73' title='bbox 722 1747 827 1816; x_wconf 88' lang='lat' dir='ltr'>antem,</span> <span class='ocrx_word' id='word_1_74' title='bbox 849 1754 917 1815; x_wconf 86' lang='lat' dir='ltr'>quas</span> <span class='ocrx_word' id='word_1_75' title='bbox 937 1737 993 1797; x_wconf 86' lang='lat' dir='ltr'>iam</span> <span class='ocrx_word' id='word_1_76' title='bbox 1014 1742 1171 1819; x_wconf 73' lang='lat' dir='ltr'>statuimus,</span> 
     </span>
     <span class='ocr_line' id='line_1_12' title="bbox 112 1804 1171 1903; baseline 0.003 -19"><span class='ocrx_word' id='word_1_77' title='bbox 112 1823 245 1884; x_wconf 86' lang='lat' dir='ltr'>Sectione</span> <span class='ocrx_word' id='word_1_78' title='bbox 267 1804 400 1900; x_wconf 65' lang='lat' dir='ltr'>pinaria</span> <span class='ocrx_word' id='word_1_79' title='bbox 419 1822 552 1883; x_wconf 84' lang='lat' dir='ltr'>antheras</span> <span class='ocrx_word' id='word_1_80' title='bbox 573 1823 726 1883; x_wconf 79' lang='lat' dir='ltr'>invenimus</span> <span class='ocrx_word' id='word_1_81' title='bbox 747 1839 809 1881; x_wconf 88' lang='lat' dir='ltr'>esso</span> <span class='ocrx_word' id='word_1_82' title='bbox 830 1820 893 1880; x_wconf 83' lang='lat' dir='ltr'>aliis</span> <span class='ocrx_word' id='word_1_83' title='bbox 914 1819 1171 1903; x_wconf 79' lang='lat' dir='ltr'>ltilocellatns,</span> 
     </span>
     <span class='ocr_line' id='line_1_13' title="bbox 113 1902 1174 1989; baseline 0.006 -21"><span class='ocrx_word' id='word_1_84' title='bbox 113 1909 173 1968; x_wconf 85' lang='lat' dir='ltr'>aliis</span> <span class='ocrx_word' id='word_1_85' title='bbox 202 1903 549 1987; x_wconf 79' lang='lat' dir='ltr'>quadrilocellatas.</span> <span class='ocrx_word' id='word_1_86' title='bbox 608 1906 655 1967; x_wconf 68' lang='lat' dir='ltr'>tte</span> <span class='ocrx_word' id='word_1_87' title='bbox 681 1906 724 1966; x_wconf 90' lang='lat' dir='ltr'>his</span> <span class='ocrx_word' id='word_1_88' title='bbox 750 1924 802 1965; x_wconf 78' lang='lat' dir='ltr'>sex</span> <span class='ocrx_word' id='word_1_89' title='bbox 829 1902 935 1983; x_wconf 77' lang='lat' dir='ltr'>pridem</span> <span class='ocrx_word' id='word_1_90' title='bbox 963 1908 1016 1967; x_wconf 81' lang='lat' dir='ltr'>tan</span> <span class='ocrx_word' id='word_1_91' title='bbox 1047 1914 1174 1989; x_wconf 83' lang='lat' dir='ltr'>exposita</span> 
     </span>
     <span class='ocr_line' id='line_1_14' title="bbox 112 1990 1170 2071; baseline 0.003 -17"><span class='ocrx_word' id='word_1_92' title='bbox 112 1994 274 2054; x_wconf 71' lang='lat' dir='ltr'>referuntur</span> <span class='ocrx_word' id='word_1_93' title='bbox 294 2009 399 2070; x_wconf 84' lang='lat' dir='ltr'>genera</span> <span class='ocrx_word' id='word_1_94' title='bbox 420 1994 537 2052; x_wconf 84' lang='lat' dir='ltr'>maxime</span> <span class='ocrx_word' id='word_1_95' title='bbox 560 1991 706 2065; x_wconf 86' lang='lat' dir='ltr'>naturalia,</span> <span class='ocrx_word' id='word_1_96' title='bbox 730 1990 860 2051; x_wconf 74' lang='lat' dir='ltr'>vilelicet</span> <span class='ocrx_word' id='word_1_97' title='bbox 880 1992 1028 2052; x_wconf 76' lang='lat' dir='ltr'>Luceres</span> <span class='ocrx_word' id='word_1_98' title='bbox 1048 1996 1083 2054; x_wconf 84' lang='lat' dir='ltr'>ll.</span> <span class='ocrx_word' id='word_1_99' title='bbox 1101 1998 1170 2071; x_wconf 85' lang='lat' dir='ltr'>Br.,</span> 
     </span>
     <span class='ocr_line' id='line_1_15' title="bbox 113 2076 1170 2159; baseline 0.007 -24"><span class='ocrx_word' id='word_1_100' title='bbox 113 2097 182 2159; x_wconf 77' lang='lat' dir='ltr'>qnae</span> <span class='ocrx_word' id='word_1_101' title='bbox 195 2079 305 2157; x_wconf 87' lang='lat' dir='ltr'>primae</span> <span class='ocrx_word' id='word_1_102' title='bbox 320 2088 363 2136; x_wconf 88' lang='lat' dir='ltr'>cst</span> <span class='ocrx_word' id='word_1_103' title='bbox 375 2077 519 2159; x_wconf 82' lang='lat' dir='ltr'>sectionis,</span> <span class='ocrx_word' id='word_1_104' title='bbox 533 2088 561 2136; x_wconf 90' lang='lat' dir='ltr'>et</span> <span class='ocrx_word' id='word_1_105' title='bbox 575 2076 815 2148; x_wconf 71' lang='lat' dir='ltr'>Badicudru,</span> <span class='ocrx_word' id='word_1_106' title='bbox 838 2077 1170 2156; x_wconf 76' lang='lat' dir='ltr'>Agathopiyllunr‚</span> 
     </span>
     <span class='ocr_line' id='line_1_16' title="bbox 116 2160 1174 2244; baseline 0.002 -22"><span class='ocrx_word' id='word_1_107' title='bbox 116 2166 297 2240; x_wconf 76' lang='lat' dir='ltr'>Cussytc,</span> <span class='ocrx_word' id='word_1_108' title='bbox 324 2163 602 2242; x_wconf 79' lang='lat' dir='ltr'>Cryptocurya,</span> <span class='ocrx_word' id='word_1_109' title='bbox 624 2164 763 2222; x_wconf 82' lang='lat' dir='ltr'>Persea</span> <span class='ocrx_word' id='word_1_110' title='bbox 784 2160 933 2220; x_wconf 78' lang='lat' dir='ltr'>secuntiae.</span> <span class='ocrx_word' id='word_1_111' title='bbox 969 2163 1050 2237; x_wconf 81' lang='lat' dir='ltr'>Quae</span> <span class='ocrx_word' id='word_1_112' title='bbox 1064 2166 1174 2244; x_wconf 77' lang='lat' dir='ltr'>quidem</span> 
     </span>
     <span class='ocr_line' id='line_1_17' title="bbox 115 2245 1175 2326; baseline 0.002 -19"><span class='ocrx_word' id='word_1_113' title='bbox 115 2266 216 2326; x_wconf 72' lang='lat' dir='ltr'>genera</span> <span class='ocrx_word' id='word_1_114' title='bbox 231 2266 288 2307; x_wconf 89' lang='lat' dir='ltr'>non</span> <span class='ocrx_word' id='word_1_115' title='bbox 304 2245 383 2305; x_wconf 84' lang='lat' dir='ltr'>modo</span> <span class='ocrx_word' id='word_1_116' title='bbox 398 2246 433 2307; x_wconf 81' lang='lat' dir='ltr'>alr</span> <span class='ocrx_word' id='word_1_117' title='bbox 448 2248 509 2306; x_wconf 87' lang='lat' dir='ltr'>aliis</span> <span class='ocrx_word' id='word_1_118' title='bbox 526 2248 568 2307; x_wconf 86' lang='lat' dir='ltr'>sui</span> <span class='ocrx_word' id='word_1_119' title='bbox 583 2247 698 2320; x_wconf 83' lang='lat' dir='ltr'>ordinis,</span> <span class='ocrx_word' id='word_1_120' title='bbox 715 2245 765 2305; x_wconf 72' lang='lat' dir='ltr'>scol</span> <span class='ocrx_word' id='word_1_121' title='bbox 780 2245 864 2304; x_wconf 86' lang='lat' dir='ltr'>etium</span> <span class='ocrx_word' id='word_1_122' title='bbox 880 2246 952 2306; x_wconf 88' lang='lat' dir='ltr'>intcc</span> <span class='ocrx_word' id='word_1_123' title='bbox 965 2266 1027 2307; x_wconf 83' lang='lat' dir='ltr'>sese</span> <span class='ocrx_word' id='word_1_124' title='bbox 1045 2248 1175 2312; x_wconf 80' lang='lat' dir='ltr'>differunt</span> 
     </span>
     <span class='ocr_line' id='line_1_18' title="bbox 117 2329 1174 2411; baseline 0.006 -19"><span class='ocrx_word' id='word_1_125' title='bbox 117 2335 250 2391; x_wconf 83' lang='lat' dir='ltr'>maxime:</span> <span class='ocrx_word' id='word_1_126' title='bbox 282 2333 339 2389; x_wconf 85' lang='lat' dir='ltr'>tubi</span> <span class='ocrx_word' id='word_1_127' title='bbox 365 2332 469 2411; x_wconf 76' lang='lat' dir='ltr'>calpcis</span> <span class='ocrx_word' id='word_1_128' title='bbox 490 2342 553 2411; x_wconf 91' lang='lat' dir='ltr'>post</span> <span class='ocrx_word' id='word_1_129' title='bbox 573 2332 700 2391; x_wconf 84' lang='lat' dir='ltr'>anthcsin</span> <span class='ocrx_word' id='word_1_130' title='bbox 724 2331 881 2389; x_wconf 72' lang='lat' dir='ltr'>evolutione</span> <span class='ocrx_word' id='word_1_131' title='bbox 904 2329 1025 2405; x_wconf 80' lang='lat' dir='ltr'>diuersa,</span> <span class='ocrx_word' id='word_1_132' title='bbox 1056 2336 1099 2394; x_wconf 91' lang='lat' dir='ltr'>cui</span> <span class='ocrx_word' id='word_1_133' title='bbox 1121 2340 1174 2399; x_wconf 87' lang='lat' dir='ltr'>soli</span> 
     </span>
     <span class='ocr_line' id='line_1_19' title="bbox 119 2413 1205 2496; baseline 0.004 -18"><span class='ocrx_word' id='word_1_134' title='bbox 119 2420 219 2478; x_wconf 89' lang='lat' dir='ltr'>lructus</span> <span class='ocrx_word' id='word_1_135' title='bbox 246 2414 380 2496; x_wconf 84' lang='lat' dir='ltr'>quaedam</span> <span class='ocrx_word' id='word_1_136' title='bbox 404 2415 439 2477; x_wconf 75' lang='lat' dir='ltr'>alr</span> <span class='ocrx_word' id='word_1_137' title='bbox 462 2417 610 2476; x_wconf 77' lang='lat' dir='ltr'>uniuersali</span> <span class='ocrx_word' id='word_1_138' title='bbox 632 2416 795 2475; x_wconf 82' lang='lat' dir='ltr'>elauructcue</span> <span class='ocrx_word' id='word_1_139' title='bbox 817 2413 964 2475; x_wconf 82' lang='lat' dir='ltr'>declinatio</span> <span class='ocrx_word' id='word_1_140' title='bbox 986 2422 1172 2496; x_wconf 80' lang='lat' dir='ltr'>consociatur,</span> <span class='ocrx_word' id='word_1_141' title='bbox 1200 2480 1205 2489; x_wconf 93' lang='grc'>,</span> 
     </span>
     <span class='ocr_line' id='line_1_20' title="bbox 119 2499 1173 2580; baseline 0.007 -18"><span class='ocrx_word' id='word_1_142' title='bbox 119 2515 172 2562; x_wconf 93' lang='lat' dir='ltr'>tnm</span> <span class='ocrx_word' id='word_1_143' title='bbox 193 2521 263 2561; x_wconf 79' lang='lat' dir='ltr'>sero</span> <span class='ocrx_word' id='word_1_144' title='bbox 285 2501 445 2561; x_wconf 87' lang='lat' dir='ltr'>laciniurum</span> <span class='ocrx_word' id='word_1_145' title='bbox 466 2501 670 2580; x_wconf 81' lang='lat' dir='ltr'>persistentium</span> <span class='ocrx_word' id='word_1_146' title='bbox 692 2501 837 2560; x_wconf 69' lang='lat' dir='ltr'>autcario</span> <span class='ocrx_word' id='word_1_147' title='bbox 861 2499 941 2560; x_wconf 79' lang='lat' dir='ltr'>morlo</span> <span class='ocrx_word' id='word_1_148' title='bbox 964 2514 1024 2579; x_wconf 91' lang='lat' dir='ltr'>post</span> <span class='ocrx_word' id='word_1_149' title='bbox 1046 2507 1173 2569; x_wconf 84' lang='lat' dir='ltr'>unthosin</span> 
     </span>
     <span class='ocr_line' id='line_1_21' title="bbox 118 2585 1173 2671; baseline 0.007 -25"><span class='ocrx_word' id='word_1_150' title='bbox 118 2586 313 2647; x_wconf 78' lang='lat' dir='ltr'>tiscctenttnm</span> <span class='ocrx_word' id='word_1_151' title='bbox 335 2585 442 2664; x_wconf 82' lang='lat' dir='ltr'>indole,</span> <span class='ocrx_word' id='word_1_152' title='bbox 472 2588 590 2666; x_wconf 89' lang='lat' dir='ltr'>partium</span> <span class='ocrx_word' id='word_1_153' title='bbox 613 2587 689 2645; x_wconf 91' lang='lat' dir='ltr'>lloris</span> <span class='ocrx_word' id='word_1_154' title='bbox 711 2603 825 2644; x_wconf 89' lang='lat' dir='ltr'>numero</span> <span class='ocrx_word' id='word_1_155' title='bbox 858 2596 913 2645; x_wconf 88' lang='lat' dir='ltr'>tam</span> <span class='ocrx_word' id='word_1_156' title='bbox 943 2587 1173 2671; x_wconf 81' lang='lat' dir='ltr'>absolutoquem</span> 
     </span>
     <span class='ocr_line' id='line_1_22' title="bbox 119 2669 1175 2750; baseline 0.005 -18"><span class='ocrx_word' id='word_1_157' title='bbox 119 2674 246 2743; x_wconf 75' lang='lat' dir='ltr'>relativo,</span> <span class='ocrx_word' id='word_1_158' title='bbox 279 2672 506 2730; x_wconf 83' lang='lat' dir='ltr'>stamiruotliorum</span> <span class='ocrx_word' id='word_1_159' title='bbox 530 2671 630 2750; x_wconf 80' lang='lat' dir='ltr'>ligura,</span> <span class='ocrx_word' id='word_1_160' title='bbox 662 2669 967 2742; x_wconf 84' lang='lat' dir='ltr'>inlloreseentia,</span> <span class='ocrx_word' id='word_1_161' title='bbox 1000 2674 1034 2731; x_wconf 90' lang='lat' dir='ltr'>iu</span> <span class='ocrx_word' id='word_1_162' title='bbox 1056 2673 1175 2737; x_wconf 83' lang='lat' dir='ltr'>diuer-</span> 
     </span>
     <span class='ocr_line' id='line_1_23' title="bbox 121 2753 1174 2836; baseline -0.007 -21"><span class='ocrx_word' id='word_1_163' title='bbox 121 2759 281 2817; x_wconf 84' lang='lat' dir='ltr'>sissimis</span> <span class='ocrx_word' id='word_1_164' title='bbox 316 2756 518 2836; x_wconf 85' lang='lat' dir='ltr'>quibusque</span> <span class='ocrx_word' id='word_1_165' title='bbox 553 2756 752 2833; x_wconf 75' lang='lat' dir='ltr'>generibus</span> <span class='ocrx_word' id='word_1_166' title='bbox 783 2753 1058 2831; x_wconf 78' lang='lat' dir='ltr'>diversissima,</span> <span class='ocrx_word' id='word_1_167' title='bbox 1093 2761 1174 2821; x_wconf 86' lang='lat' dir='ltr'>lolio.</span> 
     </span>
     <span class='ocr_line' id='line_1_24' title="bbox 125 2838 1173 2919; baseline 0.006 -19"><span class='ocrx_word' id='word_1_168' title='bbox 125 2861 179 2900; x_wconf 72' lang='lat' dir='ltr'>run</span> <span class='ocrx_word' id='word_1_169' title='bbox 205 2853 253 2902; x_wconf 85' lang='lat' dir='ltr'>aut</span> <span class='ocrx_word' id='word_1_170' title='bbox 281 2840 406 2913; x_wconf 84' lang='lat' dir='ltr'>delectu,</span> <span class='ocrx_word' id='word_1_171' title='bbox 436 2852 495 2913; x_wconf 85' lang='lat' dir='ltr'>ant,</span> <span class='ocrx_word' id='word_1_172' title='bbox 524 2840 571 2899; x_wconf 84' lang='lat' dir='ltr'>ulti</span> <span class='ocrx_word' id='word_1_173' title='bbox 592 2839 703 2911; x_wconf 85' lang='lat' dir='ltr'>adsunt,</span> <span class='ocrx_word' id='word_1_174' title='bbox 734 2838 895 2898; x_wconf 85' lang='lat' dir='ltr'>nervatione</span> <span class='ocrx_word' id='word_1_175' title='bbox 923 2850 951 2898; x_wconf 92' lang='lat' dir='ltr'>et</span> <span class='ocrx_word' id='word_1_176' title='bbox 982 2843 1173 2919; x_wconf 80' lang='lat' dir='ltr'>consistentia,</span> 
     </span>
     <span class='ocr_line' id='line_1_25' title="bbox 126 2923 1057 3007; baseline 0.001 -23"><span class='ocrx_word' id='word_1_177' title='bbox 126 2929 231 3005; x_wconf 72' lang='lat' dir='ltr'>gemmis</span> <span class='ocrx_word' id='word_1_178' title='bbox 253 2925 373 3007; x_wconf 81' lang='lat' dir='ltr'>denique</span> <span class='ocrx_word' id='word_1_179' title='bbox 395 2937 442 2984; x_wconf 92' lang='lat' dir='ltr'>uut</span> <span class='ocrx_word' id='word_1_180' title='bbox 462 2927 592 2984; x_wconf 76' lang='lat' dir='ltr'>saltatim</span> <span class='ocrx_word' id='word_1_181' title='bbox 614 2936 663 2984; x_wconf 89' lang='lat' dir='ltr'>ant</span> <span class='ocrx_word' id='word_1_182' title='bbox 684 2923 848 2984; x_wconf 75' lang='lat' dir='ltr'>imbricatim</span> <span class='ocrx_word' id='word_1_183' title='bbox 870 2925 1057 3002; x_wconf 84' lang='lat' dir='ltr'>squamulatis.</span> 
     </span>
    </p>

    <p class='ocr_par' dir='ltr' id='par_1_3' title="bbox 121 3008 1237 3345">
     <span class='ocr_line' id='line_1_26' title="bbox 203 3008 1175 3092; baseline 0.005 -22"><span class='ocrx_word' id='word_1_184' title='bbox 203 3009 283 3072; x_wconf 85' lang='lat' dir='ltr'>lntli</span> <span class='ocrx_word' id='word_1_185' title='bbox 290 3010 347 3071; x_wconf 83' lang='lat' dir='ltr'>cia</span> <span class='ocrx_word' id='word_1_186' title='bbox 366 3013 459 3090; x_wconf 86' lang='lat' dir='ltr'>itaque</span> <span class='ocrx_word' id='word_1_187' title='bbox 473 3010 607 3090; x_wconf 85' lang='lat' dir='ltr'>praclrere</span> <span class='ocrx_word' id='word_1_188' title='bbox 623 3009 799 3068; x_wconf 83' lang='lat' dir='ltr'>antherarurr</span> <span class='ocrx_word' id='word_1_189' title='bbox 823 3008 935 3066; x_wconf 87' lang='lat' dir='ltr'>locellos</span> <span class='ocrx_word' id='word_1_190' title='bbox 958 3009 1050 3080; x_wconf 83' lang='lat' dir='ltr'>(binos</span> <span class='ocrx_word' id='word_1_191' title='bbox 1064 3025 1175 3092; x_wconf 87' lang='lat' dir='ltr'>quater-</span> 
     </span>
     <span class='ocr_line' id='line_1_27' title="bbox 124 3092 1175 3175; baseline 0.003 -18"><span class='ocrx_word' id='word_1_192' title='bbox 124 3098 215 3171; x_wconf 78' lang='lat' dir='ltr'>uosvc)</span> <span class='ocrx_word' id='word_1_193' title='bbox 236 3114 371 3175; x_wconf 79' lang='lat' dir='ltr'>generum</span> <span class='ocrx_word' id='word_1_194' title='bbox 394 3106 508 3154; x_wconf 86' lang='lat' dir='ltr'>naturae</span> <span class='ocrx_word' id='word_1_195' title='bbox 528 3097 759 3165; x_wconf 77' lang='lat' dir='ltr'>conuenientium,</span> <span class='ocrx_word' id='word_1_196' title='bbox 783 3104 870 3174; x_wconf 84' lang='lat' dir='ltr'>patet,</span> <span class='ocrx_word' id='word_1_197' title='bbox 894 3092 944 3152; x_wconf 84' lang='lat' dir='ltr'>sel</span> <span class='ocrx_word' id='word_1_198' title='bbox 961 3094 998 3153; x_wconf 86' lang='lat' dir='ltr'>ad</span> <span class='ocrx_word' id='word_1_199' title='bbox 1018 3097 1074 3156; x_wconf 87' lang='lat' dir='ltr'>alin</span> <span class='ocrx_word' id='word_1_200' title='bbox 1094 3100 1175 3160; x_wconf 83' lang='lat' dir='ltr'>situul</span> 
     </span>
     <span class='ocr_line' id='line_1_28' title="bbox 122 3179 1237 3262; baseline 0.005 -21"><span class='ocrx_word' id='word_1_201' title='bbox 122 3201 180 3241; x_wconf 77' lang='lat' dir='ltr'>csse</span> <span class='ocrx_word' id='word_1_202' title='bbox 201 3179 413 3253; x_wconf 76' lang='lat' dir='ltr'>advertendum,</span> <span class='ocrx_word' id='word_1_203' title='bbox 444 3182 559 3260; x_wconf 84' lang='lat' dir='ltr'>quaesi</span> <span class='ocrx_word' id='word_1_204' title='bbox 581 3180 777 3259; x_wconf 78' lang='lat' dir='ltr'>suffragentur,</span> <span class='ocrx_word' id='word_1_205' title='bbox 812 3179 952 3258; x_wconf 86' lang='lat' dir='ltr'>probanda</span> <span class='ocrx_word' id='word_1_206' title='bbox 973 3180 1034 3239; x_wconf 86' lang='lat' dir='ltr'>lore</span> <span class='ocrx_word' id='word_1_207' title='bbox 1056 3203 1173 3262; x_wconf 71' lang='lat' dir='ltr'>genera,</span> <span class='ocrx_word' id='word_1_208' title='bbox 1233 3238 1237 3245; x_wconf 94' lang='lat'><em>.</em></span> 
     </span>
     <span class='ocr_line' id='line_1_29' title="bbox 121 3264 961 3345; baseline -0.006 -20"><span class='ocrx_word' id='word_1_209' title='bbox 121 3268 144 3325; x_wconf 88' lang='lat' dir='ltr'>si</span> <span class='ocrx_word' id='word_1_210' title='bbox 156 3264 359 3339; x_wconf 81' lang='lat' dir='ltr'>contradicant,</span> <span class='ocrx_word' id='word_1_211' title='bbox 382 3265 571 3345; x_wconf 82' lang='lat' dir='ltr'>relinquenda.</span> <span class='ocrx_word' id='word_1_212' title='bbox 956 3274 961 3289; x_wconf 80' lang='grc'><em>“</em></span> 
     </span>
    </p>

    <p class='ocr_par' dir='ltr' id='par_1_4' title="bbox 123 3345 1239 3855">
     <span class='ocr_line' id='line_1_30' title="bbox 202 3345 1177 3429; baseline 0.004 -18"><span class='ocrx_word' id='word_1_213' title='bbox 202 3355 258 3413; x_wconf 67' lang='lat'>28.</span> <span class='ocrx_word' id='word_1_214' title='bbox 292 3351 344 3410; x_wconf 90' lang='lat' dir='ltr'>llis</span> <span class='ocrx_word' id='word_1_215' title='bbox 366 3352 451 3429; x_wconf 81' lang='lat' dir='ltr'>igitur</span> <span class='ocrx_word' id='word_1_216' title='bbox 472 3351 575 3429; x_wconf 86' lang='lat' dir='ltr'>regulis</span> <span class='ocrx_word' id='word_1_217' title='bbox 595 3348 723 3408; x_wconf 83' lang='lat' dir='ltr'>etveluti</span> <span class='ocrx_word' id='word_1_218' title='bbox 746 3345 859 3406; x_wconf 87' lang='lat' dir='ltr'>lucibus</span> <span class='ocrx_word' id='word_1_219' title='bbox 883 3349 909 3407; x_wconf 92' lang='lat' dir='ltr'>in</span> <span class='ocrx_word' id='word_1_220' title='bbox 931 3350 1177 3414; x_wconf 80' lang='lat' dir='ltr'>Lortriuurune</span> 
     </span>
     <span class='ocr_line' id='line_1_31' title="bbox 124 3431 1178 3516; baseline 0.003 -20"><span class='ocrx_word' id='word_1_221' title='bbox 124 3449 194 3496; x_wconf 86' lang='lat' dir='ltr'>terra</span> <span class='ocrx_word' id='word_1_222' title='bbox 209 3437 362 3516; x_wconf 77' lang='lat' dir='ltr'>peregrina</span> <span class='ocrx_word' id='word_1_223' title='bbox 376 3455 440 3495; x_wconf 87' lang='lat' dir='ltr'>usus</span> <span class='ocrx_word' id='word_1_224' title='bbox 455 3454 525 3508; x_wconf 80' lang='lat' dir='ltr'>suan,</span> <span class='ocrx_word' id='word_1_225' title='bbox 536 3435 713 3512; x_wconf 83' lang='lat' dir='ltr'>omnibusque</span> <span class='ocrx_word' id='word_1_226' title='bbox 728 3431 824 3491; x_wconf 85' lang='lat' dir='ltr'>sedulo</span> <span class='ocrx_word' id='word_1_227' title='bbox 839 3433 873 3491; x_wconf 90' lang='lat' dir='ltr'>ab</span> <span class='ocrx_word' id='word_1_228' title='bbox 887 3435 958 3491; x_wconf 80' lang='lat' dir='ltr'>oanni</span> <span class='ocrx_word' id='word_1_229' title='bbox 973 3446 1051 3513; x_wconf 91' lang='lat' dir='ltr'>parte</span> <span class='ocrx_word' id='word_1_230' title='bbox 1065 3438 1178 3499; x_wconf 90' lang='lat' dir='ltr'>iterum·</span> 
     </span>
     <span class='ocr_line' id='line_1_32' title="bbox 123 3517 1177 3603; baseline -0.003 -22"><span class='ocrx_word' id='word_1_231' title='bbox 123 3541 174 3602; x_wconf 73' lang='lat' dir='ltr'>pne</span> <span class='ocrx_word' id='word_1_232' title='bbox 195 3523 383 3599; x_wconf 80' lang='lat' dir='ltr'>inuestigatis,</span> <span class='ocrx_word' id='word_1_233' title='bbox 406 3521 513 3600; x_wconf 88' lang='lat' dir='ltr'>plantas</span> <span class='ocrx_word' id='word_1_234' title='bbox 536 3520 616 3578; x_wconf 86' lang='lat' dir='ltr'>huius</span> <span class='ocrx_word' id='word_1_235' title='bbox 640 3517 744 3577; x_wconf 89' lang='lat' dir='ltr'>ordinis</span> <span class='ocrx_word' id='word_1_236' title='bbox 767 3536 861 3576; x_wconf 89' lang='lat' dir='ltr'>omnes</span> <span class='ocrx_word' id='word_1_237' title='bbox 883 3518 1085 3593; x_wconf 86' lang='lat' dir='ltr'>characterum,</span> <span class='ocrx_word' id='word_1_238' title='bbox 1110 3546 1177 3603; x_wconf 78' lang='lat' dir='ltr'>quos</span> 
     </span>
     <span class='ocr_line' id='line_1_33' title="bbox 123 3601 1179 3686; baseline 0 -20"><span class='ocrx_word' id='word_1_239' title='bbox 123 3625 203 3686; x_wconf 84' lang='lat' dir='ltr'>sopra</span> <span class='ocrx_word' id='word_1_240' title='bbox 224 3607 321 3679; x_wconf 81' lang='lat' dir='ltr'>citavi,</span> <span class='ocrx_word' id='word_1_241' title='bbox 345 3625 395 3685; x_wconf 83' lang='lat' dir='ltr'>peu·</span> <span class='ocrx_word' id='word_1_242' title='bbox 416 3604 517 3683; x_wconf 83' lang='lat' dir='ltr'>gradus</span> <span class='ocrx_word' id='word_1_243' title='bbox 540 3605 763 3665; x_wconf 77' lang='lat' dir='ltr'>insolescentium</span> <span class='ocrx_word' id='word_1_244' title='bbox 786 3615 833 3662; x_wconf 87' lang='lat' dir='ltr'>aut</span> <span class='ocrx_word' id='word_1_245' title='bbox 855 3601 1046 3664; x_wconf 80' lang='lat' dir='ltr'>declinantium</span> <span class='ocrx_word' id='word_1_246' title='bbox 1069 3606 1179 3668; x_wconf 82' lang='lat' dir='ltr'>diuerso</span> 
     </span>
     <span class='ocr_line' id='line_1_34' title="bbox 124 3688 1179 3771; baseline 0.001 -20"><span class='ocrx_word' id='word_1_247' title='bbox 124 3703 256 3751; x_wconf 85' lang='lat' dir='ltr'>concentu</span> <span class='ocrx_word' id='word_1_248' title='bbox 276 3688 420 3751; x_wconf 78' lang='lat' dir='ltr'>disectlcrc</span> <span class='ocrx_word' id='word_1_249' title='bbox 449 3692 476 3749; x_wconf 94' lang='lat' dir='ltr'>in</span> <span class='ocrx_word' id='word_1_250' title='bbox 498 3690 575 3769; x_wconf 85' lang='lat' dir='ltr'>plura</span> <span class='ocrx_word' id='word_1_251' title='bbox 597 3709 701 3768; x_wconf 82' lang='lat' dir='ltr'>genera</span> <span class='ocrx_word' id='word_1_252' title='bbox 723 3707 881 3767; x_wconf 84' lang='lat' dir='ltr'>persuasum</span> <span class='ocrx_word' id='word_1_253' title='bbox 911 3700 954 3747; x_wconf 91' lang='lat' dir='ltr'>est</span> <span class='ocrx_word' id='word_1_254' title='bbox 982 3699 1036 3746; x_wconf 79' lang='lat' dir='ltr'>tant</span> <span class='ocrx_word' id='word_1_255' title='bbox 1066 3706 1179 3771; x_wconf 84' lang='lat' dir='ltr'>vegeta·</span> 
     </span>
     <span class='ocr_line' id='line_1_35' title="bbox 126 3772 1239 3855; baseline 0.001 -20"><span class='ocrx_word' id='word_1_256' title='bbox 126 3780 196 3835; x_wconf 74' lang='lat' dir='ltr'>ione</span> <span class='ocrx_word' id='word_1_257' title='bbox 217 3797 298 3855; x_wconf 84' lang='lat' dir='ltr'>qnam</span> <span class='ocrx_word' id='word_1_258' title='bbox 320 3776 532 3835; x_wconf 77' lang='lat' dir='ltr'>fructificatione</span> <span class='ocrx_word' id='word_1_259' title='bbox 555 3792 677 3851; x_wconf 75' lang='lat' dir='ltr'>congrua</span> <span class='ocrx_word' id='word_1_260' title='bbox 697 3784 727 3832; x_wconf 94' lang='lat' dir='ltr'>et</span> <span class='ocrx_word' id='word_1_261' title='bbox 747 3790 783 3831; x_wconf 85' lang='lat' dir='ltr'>ex</span> <span class='ocrx_word' id='word_1_262' title='bbox 800 3772 948 3832; x_wconf 80' lang='lat' dir='ltr'>curunulem</span> <span class='ocrx_word' id='word_1_263' title='bbox 969 3776 1100 3850; x_wconf 88' lang='lat' dir='ltr'>partium,</span> <span class='ocrx_word' id='word_1_264' title='bbox 1124 3779 1179 3842; x_wconf 81' lang='lat' dir='ltr'>leri</span> <span class='ocrx_word' id='word_1_265' title='bbox 1236 3834 1239 3838; x_wconf 88' lang='grc'><strong>,</strong></span> 
     </span>
    </p>
   </div>
   <div class='ocr_carea' id='block_1_3' title="bbox 125 3856 1278 3941">
    <p class='ocr_par' dir='ltr' id='par_1_5' title="bbox 125 3856 1278 3941">
     <span class='ocr_line' id='line_1_36' title="bbox 125 3856 1278 3941; baseline 0.005 -23"><span class='ocrx_word' id='word_1_266' title='bbox 125 3881 155 3919; x_wconf 83' lang='lat' dir='ltr'>ra</span> <span class='ocrx_word' id='word_1_267' title='bbox 176 3861 285 3941; x_wconf 78' lang='lat' dir='ltr'>quidem</span> <span class='ocrx_word' id='word_1_268' title='bbox 308 3863 397 3940; x_wconf 92' lang='lat' dir='ltr'>primo</span> <span class='ocrx_word' id='word_1_269' title='bbox 419 3859 561 3940; x_wconf 83' lang='lat' dir='ltr'>adspectu,</span> <span class='ocrx_word' id='word_1_270' title='bbox 592 3858 752 3918; x_wconf 84' lang='lat' dir='ltr'>diversitate</span> <span class='ocrx_word' id='word_1_271' title='bbox 781 3878 845 3917; x_wconf 81' lang='lat' dir='ltr'>mox</span> <span class='ocrx_word' id='word_1_272' title='bbox 866 3856 1046 3937; x_wconf 79' lang='lat' dir='ltr'>dignosentla,</span> <span class='ocrx_word' id='word_1_273' title='bbox 1071 3868 1180 3924; x_wconf 87' lang='lat' dir='ltr'>tametsi</span> <span class='ocrx_word' id='word_1_274' title='bbox 1274 3904 1278 3909; x_wconf 96' lang='lat'>-</span> 
     </span>
    </p>
   </div>
   <div class='ocr_carea' id='block_1_4' title="bbox 128 3944 1182 4447">
    <p class='ocr_par' dir='ltr' id='par_1_6' title="bbox 128 3944 1180 4187">
     <span class='ocr_line' id='line_1_37' title="bbox 129 3944 1178 4023; baseline 0.003 -21"><span class='ocrx_word' id='word_1_275' title='bbox 129 3947 232 4005; x_wconf 78' lang='lat' dir='ltr'>halitus</span> <span class='ocrx_word' id='word_1_276' title='bbox 255 3946 420 4006; x_wconf 84' lang='lat' dir='ltr'>uniuersalis</span> <span class='ocrx_word' id='word_1_277' title='bbox 442 3947 477 4002; x_wconf 75' lang='lat' dir='ltr'>oli</span> <span class='ocrx_word' id='word_1_278' title='bbox 500 3945 617 4023; x_wconf 90' lang='lat' dir='ltr'>partium</span> <span class='ocrx_word' id='word_1_279' title='bbox 640 3944 818 4002; x_wconf 87' lang='lat' dir='ltr'>loliacearum</span> <span class='ocrx_word' id='word_1_280' title='bbox 847 3962 897 4022; x_wconf 91' lang='lat' dir='ltr'>per</span> <span class='ocrx_word' id='word_1_281' title='bbox 927 3962 1032 4000; x_wconf 88' lang='lat' dir='ltr'>outncm</span> <span class='ocrx_word' id='word_1_282' title='bbox 1056 3946 1178 4009; x_wconf 71' lang='lat' dir='ltr'>ordinem</span> 
     </span>
     <span class='ocr_line' id='line_1_38' title="bbox 129 4027 1180 4110; baseline 0.009 -25"><span class='ocrx_word' id='word_1_283' title='bbox 129 4033 326 4110; x_wconf 81' lang='lat' dir='ltr'>simplicitatem</span> <span class='ocrx_word' id='word_1_284' title='bbox 356 4042 386 4089; x_wconf 84' lang='lat' dir='ltr'>et</span> <span class='ocrx_word' id='word_1_285' title='bbox 405 4027 609 4088; x_wconf 83' lang='lat' dir='ltr'>similitudinem</span> <span class='ocrx_word' id='word_1_286' title='bbox 638 4030 738 4100; x_wconf 88' lang='lat' dir='ltr'>minus,</span> <span class='ocrx_word' id='word_1_287' title='bbox 767 4039 849 4107; x_wconf 88' lang='lat' dir='ltr'>atque</span> <span class='ocrx_word' id='word_1_288' title='bbox 876 4028 904 4086; x_wconf 89' lang='lat' dir='ltr'>iu</span> <span class='ocrx_word' id='word_1_289' title='bbox 935 4028 997 4086; x_wconf 87' lang='lat' dir='ltr'>ullis</span> <span class='ocrx_word' id='word_1_290' title='bbox 1025 4031 1180 4107; x_wconf 84' lang='lat' dir='ltr'>plantarum</span> 
     </span>
     <span class='ocr_line' id='line_1_39' title="bbox 128 4112 550 4187; baseline 0.007 -16"><span class='ocrx_word' id='word_1_291' title='bbox 128 4115 244 4187; x_wconf 69' lang='lat' dir='ltr'>latniliis⁹</span> <span class='ocrx_word' id='word_1_292' title='bbox 267 4115 320 4173; x_wconf 84' lang='lat' dir='ltr'>snlt</span> <span class='ocrx_word' id='word_1_293' title='bbox 342 4115 437 4174; x_wconf 90' lang='lat' dir='ltr'>oculos</span> <span class='ocrx_word' id='word_1_294' title='bbox 458 4112 550 4174; x_wconf 82' lang='lat' dir='ltr'>cadat.</span> 
     </span>
    </p>

    <p class='ocr_par' dir='ltr' id='par_1_7' title="bbox 128 4198 1182 4447">
     <span class='ocr_line' id='line_1_40' title="bbox 205 4198 1180 4272; baseline 0.003 -13"><span class='ocrx_word' id='word_1_295' title='bbox 205 4208 258 4262; x_wconf 73' lang='lat' dir='ltr'>tta.</span> <span class='ocrx_word' id='word_1_296' title='bbox 305 4199 337 4258; x_wconf 91' lang='lat' dir='ltr'>ln</span> <span class='ocrx_word' id='word_1_297' title='bbox 360 4200 413 4259; x_wconf 84' lang='lat' dir='ltr'>lnac</span> <span class='ocrx_word' id='word_1_298' title='bbox 435 4217 502 4258; x_wconf 85' lang='lat' dir='ltr'>uero</span> <span class='ocrx_word' id='word_1_299' title='bbox 523 4201 659 4258; x_wconf 87' lang='lat' dir='ltr'>sententia</span> <span class='ocrx_word' id='word_1_300' title='bbox 680 4199 798 4256; x_wconf 84' lang='lat' dir='ltr'>maximo</span> <span class='ocrx_word' id='word_1_301' title='bbox 820 4198 996 4257; x_wconf 82' lang='lat' dir='ltr'>confirmatus</span> <span class='ocrx_word' id='word_1_302' title='bbox 1017 4217 1090 4272; x_wconf 87' lang='lat' dir='ltr'>sum,</span> <span class='ocrx_word' id='word_1_303' title='bbox 1119 4222 1180 4264; x_wconf 89' lang='lat' dir='ltr'>cunr</span> 
     </span>
     <span class='ocr_line' id='line_1_41' title="bbox 128 4282 1182 4367; baseline 0.009 -28"><span class='ocrx_word' id='word_1_304' title='bbox 128 4283 256 4357; x_wconf 76' lang='lat' dir='ltr'>silerent,</span> <span class='ocrx_word' id='word_1_305' title='bbox 288 4282 433 4343; x_wconf 76' lang='lat' dir='ltr'>cosulem</span> <span class='ocrx_word' id='word_1_306' title='bbox 464 4283 726 4356; x_wconf 84' lang='lat' dir='ltr'>characteres,</span> <span class='ocrx_word' id='word_1_307' title='bbox 759 4301 845 4362; x_wconf 87' lang='lat' dir='ltr'>quos</span> <span class='ocrx_word' id='word_1_308' title='bbox 875 4285 1079 4361; x_wconf 85' lang='lat' dir='ltr'>principali</span> <span class='ocrx_word' id='word_1_309' title='bbox 1108 4288 1182 4367; x_wconf 93' lang='lat' dir='ltr'>illi,</span> 
     </span>
     <span class='ocr_line' id='line_1_42' title="bbox 128 4367 1180 4447; baseline 0.007 -22"><span class='ocrx_word' id='word_1_310' title='bbox 128 4391 164 4428; x_wconf 83' lang='lat' dir='ltr'>eu</span> <span class='ocrx_word' id='word_1_311' title='bbox 192 4371 431 4431; x_wconf 76' lang='lat' dir='ltr'>anchorarum</span> <span class='ocrx_word' id='word_1_312' title='bbox 465 4368 715 4431; x_wconf 83' lang='lat' dir='ltr'>conversione</span> <span class='ocrx_word' id='word_1_313' title='bbox 753 4367 906 4442; x_wconf 88' lang='lat' dir='ltr'>hausto,</span> <span class='ocrx_word' id='word_1_314' title='bbox 949 4368 1180 4447; x_wconf 83' lang='lat' dir='ltr'>accedentes,</span> 
     </span>
    </p>
   </div>
   <div class='ocr_carea' id='block_1_5' title="bbox 960 4469 983 4529">
    <p class='ocr_par' dir='ltr' id='par_1_8' title="bbox 960 4469 983 4529">
     <span class='ocr_line' id='line_1_43' title="bbox 960 4469 983 4529; baseline 0 0"><span class='ocrx_word' id='word_1_315' title='bbox 960 4469 983 4529; x_wconf 62' lang='grc' dir='ltr'>(Δ</span> 
     </span>
    </p>
   </div>
   <div class='ocr_carea' id='block_1_6' title="bbox 0 0 1312 4986">
    <p class='ocr_par' dir='ltr' id='par_1_9' title="bbox 0 0 1312 4986">
     <span class='ocr_line' id='line_1_44' title="bbox 0 0 1312 4986; baseline 0 0"><span class='ocrx_word' id='word_1_316' title='bbox 0 0 1312 4986; x_wconf 95' lang='lat' dir='ltr'> </span> 
     </span>
    </p>
   </div>
  </div>
 </body>
</html>
