2564 4986
339 772 342 777 '
398 784 894 855 ns.·-mmmunncmnm
1137 786 1211 855 aa·

118 976 217 1049 tnnc,
240 974 331 1035 tumr·
349 970 451 1055 glebas
470 984 593 1050 ummo,
617 972 689 1056 quio
709 976 735 1036 rt
756 986 899 1059 muman,
921 973 998 1038 stae
1014 976 1106 1039 nobb
1124 988 1181 1052 nr,

120 1072 149 1121 nt
165 1080 217 1142 pro
237 1059 308 1120 sebo
326 1060 520 1124 babsmtur.“
1063 1096 1068 1109 ·

197 1143 326 1221 „Talem
341 1163 409 1206 reru
421 1145 602 1205 substantiam
612 1142 821 1205 cinnamomum
835 1162 945 1227 quoque
955 1144 1095 1241 producit,
1112 1146 1184 1227 quau

121 1230 286 1290 nimanibus
315 1241 458 1311 tangatur,
487 1231 538 1290 bas
564 1231 659 1290 colore
686 1250 737 1290 sun
767 1232 857 1291 inlicit
883 1233 969 1293 llavo.
1018 1230 1183 1293 Substantia

121 1316 185 1375 baec
208 1317 317 1375 interne
338 1315 433 1375 damon
453 1326 511 1388 est,
534 1315 679 1394 nuclciqnc
699 1316 817 1375 sormam
838 1316 935 1389 babet,
958 1318 1005 1398 qni
1020 1328 1182 1379 tamennon

123 1402 347 1481 properatiore!
368 1396 564 1484 (Rumpbius).
597 1399 759 1460 Admoneat
778 1412 870 1461 antem
891 1401 961 1460 baec
976 1404 1182 1462 excrescentia·

122 1504 179 1544 rum
199 1485 341 1559 similium,
376 1504 447 1565 quae
477 1487 506 1544 in
535 1485 653 1545 dirersis
685 1485 801 1545 Laurini
828 1484 934 1544 ordinis
956 1485 1182 1566 diversarumque

123 1580 252 1630 terrarum
280 1569 445 1646 arboribus,
483 1591 515 1631 r.
547 1590 574 1631 e.
604 1572 633 1630 in
660 1572 770 1631 Person
801 1574 977 1646 ncamrbutn,
1011 1572 1181 1634 Nectarrdra

124 1655 297 1734 termnulpce
317 1657 435 1737 aliisque
456 1656 649 1716 observantur.

198 1788 410 1867 ⁴bdnotatio.
455 1789 575 1851 Clariss.
591 1789 689 1850 blame
704 1792 732 1851 in
747 1788 956 1851 Dissertatione
977 1810 1060 1872 supra
1082 1793 1189 1875 cinara,

125 1870 388 2017 Xanarnernr‘ngen
409 1877 490 1954 cte.)
516 1877 708 1956 quaestionem
735 1876 773 1937 da
799 1895 868 1939 reru
896 1876 998 1939 arbone
1027 1877 1188 1939 Culilarran'

142 1960 288 2040 'remisque
309 1960 454 2040 speciebus
476 1961 527 2020 sub
548 1959 647 2021 endem
673 1962 783 2021 nomine
812 1962 946 2035 conlusis,
979 1981 1094 2042 quarum
1122 1964 1182 2043 ple-

127 2060 221 2124 noque
252 2046 388 2107 corticem
420 2046 555 2125 praebent
584 2044 739 2107 Galilawan
771 2045 873 2106 dietum
907 2059 938 2109 et
970 2048 1045 2109 inter
1073 2067 1181 2109 merces

128 2141 318 2205 mmmtsm,
341 2150 449 2192 summo
460 2133 587 2193 acumine
608 2132 704 2195 solvit.
747 2130 778 2191 lu
793 2149 828 2191 eo
842 2132 903 2193 solo
924 2151 1036 2195 errasse
1057 2132 1179 2208 videtur,
1265 2130 1268 2143 '

127 2212 189 2291 quod
215 2216 427 2278 canonem
454 2218 616 2277 Caldnrcarr
647 2216 819 2296 synopseos
836 2227 984 2291 nestrae,¹
1003 2217 1040 2279 ad
1069 2221 1180 2281 unienur

128 2295 185 2359 illud
203 2299 337 2361 Herbarii
358 2300 545 2363 Walliebiani
571 2302 711 2380 specimen
737 2300 918 2381 descriptum,
950 2302 1089 2365 diversum
1117 2323 1181 2365 esse

128 2399 203 2445 asna
223 2386 319 2465 specie
339 2382 542 2457 declaraverim
575 2388 668 2445 nescio
691 2406 744 2466 qno
772 2399 934 2459 argumento
956 2386 1095 2461 inductus,
1127 2390 1180 2451 nisi

127 2466 232 2530 bruas
260 2471 362 2545 iconis,
399 2474 433 2537 ia,
456 2468 556 2550 plantis
584 2471 765 2533 ollieiuslibus
792 2470 902 2532 Fratris
934 2474 990 2533 mei
1023 2475 1178 2547 exhibitae,

126 2550 260 2617 brionibus
277 2554 438 2636 qnibmrtam
452 2555 678 2641 aberrationibus
696 2557 784 2644 tnagis
806 2574 887 2636 quam
908 2561 1121 2641 congruentiae,
1143 2579 1180 2623 ex

125 2641 288 2714 gravioribus
309 2641 450 2721 plerisque
477 2643 549 2700 notis
581 2636 763 2713 hauriendae,
791 2642 910 2705 amorum
932 2642 1098 2709 adverterit.
1146 2644 1181 2707 lu

123 2724 192 2785 icone
205 2727 308 2785 etenim
321 2737 384 2786 rete
402 2745 546 2800 renosnru,
569 2737 664 2804 utpote
685 2725 721 2785 ad
742 2727 845 2786 siccum
861 2728 1000 2803 specimen
1015 2728 1096 2788 nimis
1110 2727 1179 2789 bde-

123 2807 177 2868 liter
195 2828 368 2891 expressum,
392 2812 474 2870 solito
490 2823 534 2869 est
549 2813 680 2883 crassius,
700 2809 777 2869 nervi
799 2808 930 2870 laterales
952 2813 1058 2891 apicem
1082 2832 1179 2873 versus

120 2891 229 2973 longiori
249 2908 352 2968 macta,
376 2899 499 2976 quam-in
514 2897 664 2975 specimine
684 2907 830 2975 apparant,
853 2915 1018 2975 procurrere
1031 2896 1179 2974 videntur3

119 2980 219 3040 accedit
240 2992 271 3041 et
292 2983 381 3041 altera
402 2981 560 3054 diversitas,
593 2992 622 3040 et
650 2999 684 3040 ca
713 2978 822 3059 quidem
850 2980 923 3040 baud
953 2983 1042 3042 minus
1071 3002 1089 3042 a
1113 3001 1179 3044 nasu

117 3064 207 3146 dbta3
243 3065 306 3127 scil.
333 3068 425 3126 cultas
454 3079 498 3125 est
521 3066 628 3126 arboris
653 3067 788 3137 ramulus,
823 3067 934 3126 inlerne
962 3066 1036 3128 loliis
1065 3081 1176 3142 exutus,

115 3152 189 3229 spico
221 3152 295 3210 iuter
321 3152 404 3213 flores
432 3153 540 3211 minora
566 3163 650 3231 atque
677 3151 813 3211 dill'ormia
842 3154 936 3211 serens
968 3154 1052 3227 lolia,
1087 3154 1179 3233 qualia

113 3236 272 3316 saepissime
302 3238 332 3295 iu
352 3235 430 3296 bisce
450 3236 595 3295 arboribus
618 3238 793 3297 inveniuntur
813 3249 980 3317 properante
1002 3238 1036 3303 nd
1057 3239 1178 3300 fructum

111 3320 292 3381 incre-auto.
333 3319 475 3380 Eiusmodi
490 3322 558 3381 lolia
579 3332 671 3382 autern
694 3341 748 3380 uon
771 3320 851 3380 modo
874 3323 981 3381 minora
1002 3340 1066 3384 esse
1088 3324 1180 3385 solent

109 3406 297 3486 primoribus,
329 3405 484 3465 sedetiam
511 3405 575 3483 (uti
594 3407 622 3465 iu
644 3412 739 3467 nostro
760 3405 910 3488 exemplo)
939 3408 1030 3487 apice,
1055 3407 1179 3489 quaudo·

108 3509 162 3573 quc
192 3501 222 3551 et
248 3490 321 3562 basi,
353 3493 442 3551 minus
469 3502 566 3573 acuta,
594 3502 624 3552 et
639 3494 756 3566 nervis,
779 3491 933 3575 ubicunqne
952 3492 1023 3553 lolia
1043 3494 1178 3557 interiora

107 3576 284 3657 triplinerria
305 3577 492 3650 inveniuntur,
524 3594 609 3656 saepe
630 3574 665 3635 ad
687 3574 873 3679 basinlusrpra
894 3576 1023 3639 discretis
1052 3577 1180 3658 praedita

106 3661 170 3723 cive
197 3662 343 3721 ffincmia.
393 3661 475 3720 ilaec
502 3672 594 3720 autem
620 3662 645 3720 si
672 3657 780 3734 demis,
795 3662 901 3742 reliqua
922 3662 1014 3723 omnia
1037 3673 1093 3722 tum
1115 3682 1179 3725 cum

106 3748 190 3807 ianne
211 3745 388 3825 Rumpbiana
409 3757 466 3806 tam
488 3765 550 3806 cum
569 3746 662 3806 serbis
682 3748 804 3805 auctoris
826 3746 1001 3808 celeberrimi
1023 3766 1179 3826 congruere

104 3828 183 3895 baud
208 3831 336 3912 negabis.
378 3831 512 3906 Accedit,
539 3830 612 3913 quod
633 3850 651 3891 e
670 3830 808 3891 Moluccis
830 3833 928 3913 insulis
957 3830 1083 3897 adlatum
1114 3850 1179 3895 esse

105 3915 354 3979 mannaan
382 3916 490 3978 arboris
510 3915 710 3996 Roxbnrgbius
733 3927 862 3978 testetur.

193 4032 298 4096 Restat
322 4034 432 4118 quidem
461 4046 491 4094 ct
518 4035 607 4094 altera
635 4033 716 4093 buius
744 4036 856 4113 generis
877 4035 997 4114 species,
1019 4032 1178 4098 Amboiuae

104 4116 358 4199 Unlncmmmque
380 4121 409 4180 in
430 4121 590 4180 universum
610 4118 753 4197 indigena,
784 4130 814 4178 et
839 4137 875 4178 ea
895 4135 1003 4200 quoquo
1029 4122 1176 4195 corticem,

107 4198 271 4266 Galliam
293 4203 408 4278 dictum,
431 4204 587 4287 praebebas
616 4224 697 4285 mam
725 4201 834 4285 quidem
855 4222 892 4264 cx
919 4204 1051 4286 Rumpbii
1079 4223 1181 4266 manu·

105 4288 218 4367 scripto
229 4288 409 4368 Lugdunensi
430 4301 550 4364 erutam,
576 4290 790 4349 Ciancmornem
803 4288 923 4349 rubrmn
937 4288 1062 4349 blumins
1082 4300 1179 4349 noster

108 4373 266 4455 appellarit
280 4376 396 4460 toooqrn
409 4376 496 4438 citato
511 4375 669 4457 descripsit.
693 4372 757 4438 Nec
771 4374 887 4438 multum
900 4393 969 4437 saus
981 4375 1175 4449 baesitasssn,
