2564 4986
119 826 166 895 bil
450 830 692 897 intend-n
713 850 729 892 c
749 833 793 893 ti
813 851 845 896 n.

119 1018 274 1098 excipiant,
306 1029 338 1079 ttt
365 1017 503 1080 mh
538 1017 692 1080 matth·
721 1018 984 1098 tamenab-print
1000 1014 1180 1097 responden.

119 1102 179 1164 Ubi
192 1103 323 1165 verticilli
336 1103 452 1186 diaepnll
466 1106 665 1186 eeexeipinnt,
681 1102 867 1184 quintina
875 1103 963 1165 babae
976 1103 1180 1186 perinthium

120 1186 167 1248 nbi
184 1190 318 1270 triscpali‚
340 1190 488 1250 sextidma.
532 1190 604 1251 ttsc
620 1189 721 1250 desunt
739 1200 833 1262 antem
853 1191 1013 1270 per‘ntlsin
1030 1187 1131 1252 Μίδα
1153 1200 1185 1249 et

120 1271 234 1348 eada,
257 1274 308 1334 sed
322 1276 436 1337 insolito
450 1276 521 1336 baso
532 1279 706 1336 incremento
721 1277 897 1350 exoriuntur,
911 1292 1003 1356 neque
1016 1276 1182 1357 persistant.

205 1448 257 1504 ld.
303 1444 430 1504 Stamina
451 1463 470 1504 e
489 1445 631 1506 filameeto
653 1443 752 1523 glabro
772 1447 919 1525 saepiusve
947 1444 1042 1520 biens,
1073 1445 1183 1527 apicem

117 1546 216 1590 tersus
245 1528 361 1589 dllntato
387 1542 531 1604 consum,
566 1531 710 1591 antherum
737 1530 862 1592 lubricae
888 1532 1054 1610 singularis,
1092 1530 1184 1593 valeia

116 1620 226 1674 tamum
239 1614 469 1676 adscendentibus
482 1615 672 1675 dehiscentem
687 1614 1038 1694 plasmare-punctatum
1057 1617 1182 1678 [mate.

117 1699 279 1760 Anthene
301 1713 346 1761 cst
366 1703 414 1761 val
436 1701 652 1761 bilocellata
682 1702 726 1760 vol
748 1700 1075 1782 quadrilocellata.
1119 1702 1183 1763 Aa·

118 1783 199 1843 thera
221 1785 448 1865 quadriloeellatu
469 1804 570 1846 revera
599 1804 616 1845 e
647 1784 754 1855 dunbus
781 1797 892 1846 constet
922 1787 1059 1859 antberia,
1090 1805 1141 1849 seu
1162 1806 1184 1848 n

115 1869 227 1930 locellis
247 1881 377 1951 quatuor,
400 1890 453 1952 per
471 1872 551 1950 perir
564 1872 738 1931 coniunctivn
752 1872 894 1931 comuni
909 1874 1047 1946 conans,
1063 1892 1183 1952 quorun

116 1953 171 2016 duo
193 1957 340 2017 inferiores
355 1958 518 2036 plerumque
536 1960 657 2021 maeres
679 1958 822 2037 magisque
841 1959 873 2016 in
891 1957 984 2017 nediu
1005 1956 1141 2018 distantes
1163 1978 1183 2019 a

114 2051 195 2120 tergo
216 2042 309 2122 paullo
328 2043 404 2102 ultra
426 2041 541 2102 locellos
562 2043 721 2123 superiores
743 2041 924 2101 adscendunt.
968 2041 1076 2103 Luculli
1097 2063 1180 2124 supe·

114 2128 205 2187 riores
226 2130 369 2208 magisque
398 2127 483 2186 andei
511 2139 541 2187 et
572 2129 695 2205 contigui
722 2127 834 2206 propria
863 2127 1022 2188 membrana
1043 2127 1178 2208 gaudem,

113 2212 224 2292 fineque
245 2214 340 2273 clauso
362 2217 389 2274 in
412 2213 525 2274 locellos
546 2214 694 2274 inleriores
715 2213 825 2292 oblique
846 2211 1027 2275 &scendunt
1073 2214 1105 2273 ln
1118 2216 1181 2295 plu·

111 2298 190 2357 ridris
211 2309 306 2373 sutura
329 2299 438 2378 obliqua
460 2316 477 2357 a
499 2309 580 2376 tergo
601 2299 670 2358 linea
698 2300 839 2378 utriusque
869 2293 963 2358 locelli
985 2299 1105 2374 indicat,
1134 2299 1181 2360 ubi

112 2384 241 2462 superior
262 2384 376 2464 quisque
398 2382 524 2443 inleriori
551 2384 587 2443 ab
609 2385 700 2443 antioc
729 2396 808 2462 parte
836 2383 969 2443 incumbit
989 2383 1181 2466 duplicemque

113 2466 214 2529 ibidem
236 2468 365 2548 producit
379 2468 584 2541 nrembrrnnm3
613 2468 707 2549 paullo
730 2470 819 2547 nragis
841 2472 948 2549 apicem
970 2489 1081 2544 versas,
1104 2468 1179 2530 desi·

113 2565 197 2613 nente
218 2555 360 2614 inlerioris
382 2554 474 2614 locelli
494 2555 610 2625 lamina,
642 2555 792 2635 superioris
822 2557 882 2614 sola
903 2566 933 2614 et
953 2557 1070 2636 simplex
1092 2576 1178 2616 mem·

111 2637 198 2699 brana
220 2641 326 2719 postica
347 2650 446 2700 restat.
492 2638 673 2717 Operenlnm,
696 2659 747 2698 seu
765 2640 874 2699 vulvula
898 2660 978 2719 quam
1000 2640 1105 2712 dicuat,
1130 2662 1180 2701 an·

114 2725 201 2784 terior
229 2725 320 2784 locelli
350 2736 395 2784 est
421 2725 526 2805 paries,
564 2735 660 2784 sutura
698 2727 934 2806 circumscriptus,
974 2746 1029 2786 nec
1057 2729 1109 2786 nisi
1131 2728 1179 2786 ubi

111 2809 205 2869 locelli
227 2810 299 2871 inter
321 2829 352 2871 se
374 2810 536 2878 cohaerent,
560 2810 726 2869 insolubilis.
776 2811 855 2870 Talis
884 2810 1054 2872 dehiscentia
1082 2814 1179 2872 similis

111 2912 175 2954 esse
195 2894 307 2955 videtur
335 2896 454 2956 valvulis
483 2896 611 2975 siliquae,
643 2897 720 2955 caius
749 2895 803 2955 duo
831 2897 956 2976 carpello
984 2898 1101 2976 amplius
1123 2919 1179 2958 non

110 2992 219 3051 antara,
242 2979 291 3039 sed
314 2983 341 3040 in
365 2978 455 3041 media
479 2992 557 3039 costa
578 2981 733 3041 solvuntur.
788 2981 936 3043 Antheree
955 2982 1079 3042 eiusdem
1101 2985 1179 3043 floria

109 3067 156 3124 rel
177 3085 273 3127 omnes
295 3067 442 3126 introrsum
465 3086 514 3125 sen
537 3077 660 3124 centrum
676 3085 785 3137 versus,
809 3066 966 3138 dehiscunt,
989 3069 1033 3127 vel
1054 3072 1179 3127 exterio-

108 3169 155 3210 res
176 3161 295 3223 tantum,
319 3150 495 3211 interioribus
521 3151 609 3211 tribus
637 3162 693 3211 tuns
716 3162 883 3223 extrorsum,
908 3153 1091 3232 peripherinm
1115 3173 1179 3213 rer·

110 3255 171 3316 ene,
198 3237 386 3316 spectantibus
417 3235 509 3317 (quod
545 3237 650 3316 primns
678 3236 838 3318 observavit
865 3238 902 3296 ol.
934 3236 973 3296 lt.
1005 3237 1177 3320 Brownina).

112 3319 192 3381 Ordo
213 3323 359 3382 staminum
381 3321 454 3381 idem
477 3330 531 3397 est,
555 3340 588 3380 ac
603 3324 627 3380 si
647 3323 777 3381 verticilli
798 3323 885 3382 binati
906 3323 951 3381 vel
973 3325 1074 3382 terrnati
1095 3344 1179 3404 sepa·

109 3406 199 3465 lorum
221 3406 374 3466 verticillos
395 3403 492 3465 cadem
515 3405 706 3486 diuergcntiae
729 3409 791 3485 lege
812 3409 964 3488 excipiant.
1014 3408 1179 3490 Respondet

108 3493 233 3552 exterior
253 3493 398 3550 numinum
422 3492 572 3551 verticillos
588 3494 690 3570 sepelis
718 3493 914 3564 exterioribus,
938 3494 1066 3566 interior,
1097 3506 1178 3555 exte-

107 3578 176 3637 rieri
198 3570 386 3657 interpositos,
410 3576 566 3656 sepalorurn
590 3579 751 3636 interiorum
764 3579 912 3657 opponitur
925 3580 1076 3639 verticillo.
1110 3580 1177 3641 sn-

107 3664 181 3722 mina
202 3663 284 3736 haec,
306 3663 351 3721 vel
376 3674 504 3742 quatuor,
527 3663 573 3722 vel
595 3683 656 3734 aex,
681 3681 753 3742 quae
773 3664 853 3741 priori
881 3675 910 3722 et
930 3662 1043 3723 secundi
1071 3663 1178 3726 ordinis

106 3766 125 3807 a
151 3766 196 3806 me
218 3747 406 3828 appellantur,
438 3749 553 3828 primam
583 3750 728 3808 staminum
760 3750 911 3808 sectionem
934 3749 1077 3809 exhibent.
1123 3750 1177 3810 Se-

109 3834 202 3913 quitur
231 3854 258 3892 rn
289 3833 430 3912 plerisque
453 3834 541 3894 alteru
568 3835 669 3903 sectio,
692 3834 775 3892 simili
795 3831 876 3891 modo
904 3832 1050 3913 disposita,
1073 3834 1177 3915 sepelis

106 3918 322 3998 staminibusque
354 3920 459 3996 primae
483 3920 614 3978 sectionis
645 3920 758 3977 immota
788 3919 852 3996 lege
884 3917 1074 3998 dirergentine
1109 3940 1177 3980 con·

106 4021 223 4084 gruans,
245 4002 294 4062 sed
319 4004 396 4063 cuins
421 4004 557 4064 securrdus
584 4006 739 4065 verticillos
761 4005 805 4062 vel
837 4022 854 4062 e
879 4005 1040 4065 staminibus
1067 4018 1179 4066 constat

105 4088 276 4168 imperfectis
298 4087 564 4172 (staminndiis)
586 4089 770 4159 brevioribus,
800 4089 867 4148 loeo
893 4090 1027 4150 antherae
1053 4093 1176 4169 capitulo

105 4173 195 4234 aulida
216 4177 362 4254 sagittato,
385 4176 482 4234 eonicn
506 4172 656 4233 cordatore
683 4174 809 4233 rarinwe
830 4177 939 4234 clavato
971 4187 1020 4236 ant
1047 4176 1176 4236 anhelate

104 4258 250 4342 praeditis,
280 4260 325 4321 vel
352 4277 389 4320 ex
415 4271 475 4321 toto
496 4259 586 4319 deest.
638 4257 694 4320 Ubi
716 4257 806 4333 deest,
829 4261 964 4320 antherae
985 4262 1066 4340 prirni
1089 4264 1175 4322 verti·

104 4347 162 4408 eilli
197 4346 279 4406 huius
303 4346 448 4418 sectionis,
477 4344 522 4426 qui
552 4342 649 4404 terrim
685 4345 818 4419 nnaiaat,
854 4344 1005 4409 introrsum
1032 4358 1172 4426 speum,

105 4433 152 4495 abi
173 4430 265 4507 adest,
288 4439 443 4492 canonum
465 4427 622 4492 debiscunt.
