2564 4986
293 1364 324 1419 l.
368 1358 525 1424 liaustu
552 1359 787 1441 microcarpa
814 1357 925 1421 Blurue.

158 1523 200 1586 ll.
225 1526 301 1586 loliis
328 1525 454 1608 oblongis
476 1530 523 1589 vel
550 1520 834 1610 elliptico·oblbngis
856 1529 983 1612 uuinqne
1004 1526 1145 1588 subuculis

70 1609 117 1670 ecl
146 1613 227 1691 apice
254 1611 352 1673 obtuse
375 1613 524 1695 cuspidatis
547 1614 739 1676 concoloribus
760 1615 877 1695 glabris,
910 1611 1047 1696 paniculis
1073 1610 1145 1673 ssor'e

69 1694 256 1771 masenius,
279 1698 390 1759 laciniis
410 1699 559 1783 perinntluii
578 1698 802 1781 persistentibus,
824 1698 968 1781 pedicellis
990 1696 1145 1759 fructiferis

70 1781 158 1843 rectis
179 1780 336 1862 pedunculo
357 1786 502 1865 paniculae
525 1785 698 1867 5—d·plo
719 1784 908 1866 brevioribus,
953 1785 1064 1845 utone.
1249 1852 1251 1863 p

69 1948 94 2015 B
156 1866 256 1947 respa
287 1867 421 1949 Uoreng
448 1882 640 1932 montanorum
669 1873 698 1932 in
723 1882 808 1954 parte
835 1868 951 1932 actuali
981 1867 1144 1961 provinciae
1250 1868 1252 1873 ’

95 1962 204 2014 titium·
859 1971 865 1980 ·

155 2034 273 2097 Habitat
300 2039 327 2099 in
354 2040 497 2120 provincia
519 2040 649 2102 lavanica
671 2040 789 2103 Bantam
812 2042 840 2101 in
862 2040 951 2122 sylvis
973 2036 1009 2098 ad
1031 2035 1143 2101 radices

68 2122 201 2183 altiorum
216 2121 359 2198 montium,
384 2127 472 2185 veluti
488 2125 562 2186 inter
575 2126 673 2189 Lebak
697 2138 727 2187 et
740 2127 882 2208 Tjitanap,
905 2125 954 2187 ubi
975 2125 1058 2185 etiam
1082 2121 1142 2185 dir.

69 2206 138 2271 Van
159 2207 276 2269 Hasselt
298 2210 404 2289 aliquot
425 2213 485 2270 eius
507 2214 658 2293 specimina
686 2212 802 2293 collegit
830 2222 860 2272 ct
888 2213 994 2272 fruetus
1015 2206 1142 2269 delinea-

70 2293 173 2353 tionem
196 2293 380 2357 adumbrarit.
425 2295 544 2378 Semper
571 2300 632 2359 iere
654 2299 755 2358 llorere
776 2295 897 2371 ridetur,
921 2296 1028 2356 leuctus
1049 2304 1142 2354 autem

68 2397 134 2439 raro
155 2379 341 2440 inveniuntur.

155 2461 275 2523 Arbor
297 2486 350 2524 non
373 2465 441 2540 alta,
465 2467 551 2526 latam
573 2467 648 2525 circa
668 2485 699 2526 se
714 2466 837 2526 umbram
852 2462 1018 2533 diffundens,
1042 2472 1142 2521 murco

69 2560 150 2609 recto
165 2548 318 2629 cylindnico
334 2550 407 2613 haud
430 2551 485 2610 alte
506 2553 536 2611 in
557 2571 650 2611 ramos
672 2551 728 2610 late
751 2563 881 2610 ostensos
897 2568 1007 2607 crassos
1022 2546 1140 2606 nodoso·

69 2633 259 2695 tuberculatos
288 2635 389 2696 diviso.
445 2636 591 2696 liamuli
619 2636 735 2695 elevatis
762 2636 926 2716 petiolorum
960 2631 1140 2692 decidunrum

61 2719 188 2799 pulvinis
210 2722 374 2795 cicatrlsati,
398 2732 516 2794 teretes,
540 2722 643 2794 striati,
673 2721 1009 2791 albite-cinerascentes,
1032 2715 1137 2796 glabri,

69 2816 165 2865 aetate
188 2817 283 2865 tenena
306 2807 405 2865 obtuse
427 2794 565 2887 angulosi,
589 2824 699 2885 gemma
720 2823 807 2887 parva
828 2803 963 2865 conoides
985 2800 1138 2874 terminati,

68 2891 150 2950 euius
169 2909 300 2971 squamae
322 2893 511 2951 lato-ovatae
533 2892 670 2950 loliuecae
700 2890 736 2950 ad
767 2891 920 2970 marginem
946 2898 1053 2950 tantum
1074 2895 1140 2945 sunt

68 2975 199 3035 sericeo·
212 2977 333 3037 ciliatae.
384 2976 491 3036 Folia
513 2996 621 3056 sparsa,
650 2996 737 3056 saepe
757 2988 850 3036 tamen
871 2973 907 3034 ad
928 2977 1139 3055 apiccorarau·

71 3059 161 3120 lorum
185 3062 323 3135 conforta,
353 3067 452 3121 s-tt
474 3062 556 3142 poll,
580 3061 697 3123 subinde
726 3081 794 3122 vero
824 3078 912 3142 usque
942 3058 977 3119 ad
1006 3062 1047 3118 10
1068 3054 1138 3138 poll.

66 3145 166 3223 longa,
192 3141 338 3230 tlh—⁴
360 3148 428 3227 poll.
453 3154 484 3207 ct
503 3149 577 3208 ultra
597 3147 667 3221 latu,
692 3167 728 3208 cx
748 3148 870 3228 oblongo
897 3145 1033 3226 elliptica,
1056 3142 1137 3222 apice

66 3229 151 3290 modo
172 3231 201 3291 in
223 3232 363 3311 cuspidem
384 3233 496 3293 brevem
518 3234 563 3293 vel
587 3234 655 3292 satis
676 3223 832 3314 elongatam
848 3231 972 3292 obtusam
987 3225 1137 3310 producta,

66 3313 150 3376 ruodo
172 3317 354 3390 acutiuscula,
378 3320 518 3391 coriacea,
541 3317 651 3397 glabra,
682 3319 851 3391 concoloria,
881 3314 1024 3389 undulata,
1053 3328 1138 3393 supra

66 3400 157 3461 nitida
195 3403 358 3481 simpliciter
393 3405 593 3482 pennincrvia,
632 3394 727 3463 sub‘tus
757 3398 1135 3481 reticulato-penninarum.

65 3484 171 3549 Petioli
192 3489 410 3568 semipnllicanos
432 3500 462 3547 ot
483 3488 617 3548 interdum
648 3490 800 3569 longiores,
835 3488 913 3547 basin
938 3504 1037 3545 versus
1059 3500 1137 3542 cras-

66 3571 169 3642 siores,
194 3574 378 3644 teretiusculi‚
404 3574 590 3645 canaliculati,
614 3574 716 3652 glabri.
768 3571 977 3634 Paniculae
1008 3568 1136 3647 singulae
1198 3571 1203 3581 '

68 3669 117 3716 aut
140 3659 233 3737 plures
256 3657 290 3716 ad
313 3660 503 3718 innovationes
526 3661 696 3732 terminales,
721 3664 818 3717 2-d
840 3657 910 3736 poll.
933 3656 1047 3733 longae,
1071 3653 1138 3710 sim·

66 3743 165 3821 pliccs,
182 3743 307 3822 patulae,
324 3743 537 3822 pednnenlntac,
553 3745 814 3824 circumscriptionis
830 3735 1135 3820 elongato-nunideae,
1218 3743 1228 3758 ⁰

67 3846 170 3901 rarae,
202 3828 300 3887 rbnchi
328 3831 646 3908 ungulato-compressa
675 3831 702 3888 in
739 3835 848 3887 tt-ar
877 3846 969 3885 ramos
997 3824 1136 3882 brevesa

67 3912 127 3970 basi
150 3910 185 3971 ad
207 3915 313 3991 apicem
337 3914 506 3992 longitudine
528 3914 721 3985 decrescentes
742 3934 854 3994 sparsos
875 3927 1048 3988 compressos
1069 3908 1136 3965 sim·

66 3999 157 4077 plices
179 4011 317 4077 patentes,
342 4019 378 4057 ex
399 4003 480 4078 apice
502 4001 671 4079 aliquantum
694 3999 807 4058 dilatata
830 4000 962 4066 trilloros,
995 3993 1136 4071 longiores

65 4102 135 4142 vero
158 4087 492 4163 cymosn·septemlloros
514 4084 613 4144 diuisa.
659 4084 737 4143 Lerc
760 4085 903 4161 vestigium
927 4081 1005 4159 pubis
1026 4078 1135 4136 brevis·

68 4170 156 4226 simae
172 4167 281 4228 tandem
297 4173 490 4228 evanescentis
512 4174 539 4229 in
562 4170 659 4229 rlraclri
675 4172 788 4250 eiusque
810 4170 894 4228 rumis
917 4167 963 4224 six
985 4163 1035 4223 sub
1057 4163 1134 4220 lento

67 4254 255 4333 conspicitnr3
287 4255 461 4314 bracteae
489 4274 597 4335 qnoque
619 4256 675 4313 cito
698 4257 751 4314 iam
774 4253 875 4313 cadere
897 4250 1037 4320 videntur,
1066 4264 1135 4324 qua·

67 4359 127 4398 rum
150 4350 285 4418 angustae
313 4338 500 4400 tantummodo
521 4338 557 4400 ad
578 4351 703 4401 exortum
734 4339 930 4422 pcdicellorum
951 4332 1136 4395 ramulorum·
