2564 4986
454 736 849 825 [stradeneim
1162 746 1185 811 7

62 866 65 1027 l
122 928 199 987 ier·
224 937 369 1007 paratam.
426 927 527 999 Adnisi
557 933 673 999 corticis
703 932 868 1012 superficies
897 934 979 997 rimis.
1004 933 1184 997 recticolibua

62 1030 65 1095 l
121 1013 405 1094 transsersnlibmoque
425 1013 544 1087 dobiseit
563 1017 726 1098 palletque3
752 1016 882 1099 iuvenilis¹
897 1018 1007 1099 punctis
1028 1019 1184 1101 lenticella·

121 1097 190 1157 ribus
216 1100 311 1165 variis
334 1101 520 1180 inspergitur,
549 1103 623 1164 viret
643 1103 694 1163 rel.
709 1103 836 1176 rufescit,
865 1103 964 1185 glaber
988 1115 1033 1165 est
1052 1106 1098 1165 vel
1119 1105 1184 1187 pilis

62 1138 64 1261 l
120 1181 238 1260 egilnlis
259 1185 412 1264 otaio'loeis
440 1188 620 1253 torrentulum
643 1187 866 1253 construentibus
887 1191 1016 1251 vestitus.
1061 1188 1183 1251 Cicatri-

62 1296 65 1373 q
121 1286 161 1328 ees
180 1269 312 1333 loliorum
333 1269 510 1351 delapsorum
532 1292 658 1345 crassae,
681 1273 860 1346 mniiormes,
881 1275 1071 1349 semiformes,
1102 1275 1181 1337 luna·

62 1378 64 1439 q
122 1364 174 1425 tae,
195 1353 246 1421 ‹liu
266 1357 432 1435 persistunt,
459 1360 597 1438 situmque
619 1359 750 1425 loliorum
770 1357 900 1438 produnt.
949 1359 1128 1421 Romilicatio
1150 1362 1184 1422 lit

62 1446 64 1495 i
121 1441 189 1498 e'rca
212 1443 309 1518 apices
330 1454 361 1503 et
381 1460 418 1503 ex
441 1445 503 1524 ipso
532 1445 624 1523 spica,
655 1463 737 1524 quam
765 1444 950 1522 posteriorem
977 1447 1182 1506 innovatio·

62 1522 64 1549 ¹
121 1544 190 1585 aa·
210 1528 334 1606 appello.
373 1526 458 1597 Basis
477 1530 683 1603 innovationem
704 1548 832 1608 gemmae
855 1541 980 1595 naturam
1001 1529 1085 1591 docet
1106 1532 1181 1590 cica-

119 1610 227 1670 tricibus
248 1631 425 1692 squamarum
446 1612 664 1693 angustioribus,
688 1632 759 1695 quae
774 1611 855 1672 modo
869 1617 1089 1675 confertissimae
1102 1617 1182 1696 quasi

118 1697 229 1755 naules
257 1698 390 1772 efficiunt,
419 1698 501 1759 modo
530 1700 559 1758 iu
580 1701 662 1779 epiris
683 1700 861 1778 regularibus
882 1698 1075 1781 disponuntur,
1099 1699 1180 1760 ruodo

116 1782 299 1861 paaeissimae
319 1784 419 1845 adsum
438 1795 468 1844 et
489 1804 585 1865 parum
607 1787 783 1866 conspicuae.

195 1906 251 1963 ll.
298 1901 508 1965 Gemmati'o.
554 1902 688 1969 &manae
710 1903 755 1962 vel
775 1905 871 1983 paucis
893 1912 1026 1982 teguatur
1046 1906 1178 1986 squamis,

115 1985 156 2047 rel
175 1986 315 2067 pluribus.
367 1986 480 2051 illarum
502 2006 633 2069 squamae
655 1988 852 2051 subcoriaceae
874 2001 937 2049 sunt
958 2000 988 2048 et
1008 1989 1177 2064 herbaceae,

116 2075 191 2153 qnasi
212 2072 348 2133 salsatim
370 2074 527 2153 oppositae,
550 2075 704 2147 camnulas,
738 2074 817 2155 apice
845 2076 932 2157 magis
955 2075 1080 2135 minusve
1099 2072 1180 2137 debi-

114 2169 241 2231 scentes3
288 2176 402 2237 quarum
436 2157 508 2219 duae
541 2160 586 2219 vel
619 2170 738 2241 quatuor
765 2159 926 2239 plerumque
957 2160 1077 2219 maiores
1098 2170 1180 2221 extus

112 2243 184 2303 niae
212 2247 244 2303 iu
276 2255 453 2322 conspectum
487 2246 613 2316 veniunt,
648 2264 701 2304 una
732 2244 857 2303 alterave
893 2246 999 2304 minore
1033 2243 1070 2305 ad
1099 2244 1180 2307 basin
1215 2238 1218 2243 ’

112 2348 235 2406 pomae
250 2347 269 2387 a
284 2328 373 2391 latere
395 2327 557 2391 accedente.
602 2326 796 2408 Pyramidales
815 2329 868 2389 bae
889 2341 1105 2409 genuensem,
1129 2350 1179 2390 cn·

111 2413 233 2491 gulame,
256 2415 303 2472 sel
325 2432 514 2493 compressae,
538 2433 628 2494 neque
649 2415 810 2475 terminales
831 2433 921 2495 neque
947 2415 1078 2475 axilleres
1101 2435 1179 2495 mag·

112 2499 232 2564 citudine
255 2496 401 2557 admodum
431 2499 645 2581 praecellentes.
698 2499 757 2560 Sub
785 2501 928 2559 loliatione
954 2519 1085 2580 squamae
1107 2501 1181 2565 istae

111 2585 232 2645 nonnihil
264 2587 443 2657 increscunt,
481 2584 653 2647 rubioliacca
682 2596 822 2644 structura
858 2583 1021 2665 praeditae,
1059 2597 1090 2645 et
1116 2597 1179 2665 post

112 2689 210 2749 puras
234 2688 331 2729 earum
354 2671 408 2728 ianr
430 2681 582 2751 sequuntur
603 2670 770 2750 perfectiora
799 2669 868 2728 lolia
896 2668 1017 2728 evidenti
1047 2673 1176 2732 transitu.

114 2753 158 2815 Ex
185 2757 275 2813 altera
308 2765 389 2833 parte
423 2774 550 2834 gemma,
587 2773 658 2835 quae
685 2755 777 2813 multis
798 2755 919 2835 squamis
949 2765 1023 2812 tecta
1052 2756 1179 2834 perulata

117 2838 221 2913 diriter,
243 2842 289 2900 bis
311 2837 415 2917 gaudet
436 2840 592 2901 chartaceis
614 2839 659 2898 vel
681 2840 829 2912 coriaceis,
852 2839 975 2918 pluribus
996 2840 1078 2917 spiris
1100 2851 1178 2901 arcte

116 2924 259 2984 imbricatis
288 2925 340 2984 sub
362 2921 507 2985 loliatione
529 2926 628 2985 solutis
657 2923 784 3004 nullaque
813 2924 928 3005 praevia
950 2925 1108 2984 evolutione
1129 2943 1179 2983 ca·

113 3010 254 3085 dentibus3
287 3008 447 3070 terminales
468 3008 658 3072 huiuscemodi
683 3027 809 3089 gemmae
831 3009 950 3068 maiores
964 3020 1039 3084 suut,
1063 3022 1175 3083 or'atae,

110 3095 260 3174 oblongae,
291 3095 476 3169 lanceolatae,
509 3106 678 3175 teretesque,
711 3113 762 3153 nec
784 3096 945 3173 angulatae.
969 3128 1012 3139 —
1041 3097 1177 3174 Cessetae

108 3184 221 3260 generis
242 3199 370 3261 gemmae
392 3183 521 3240 contiuua
549 3182 609 3241 lere
636 3180 794 3240 evolutione
823 3178 1020 3239 dissolvuntur.

195 3322 249 3376 lb.
295 3315 399 3375 Folia
427 3317 547 3376 omnium
569 3316 715 3394 simplicia,
740 3317 918 3394 integerrima
949 3326 979 3373 et
999 3313 1177 3394 plurimarum

107 3403 191 3461 etiam
221 3402 345 3479 integra,
379 3401 525 3481 petiolata,
558 3403 700 3473 coriueea,
728 3401 890 3466 chartacea,
921 3400 1097 3480 persistentia
1129 3399 1176 3459 vel

106 3485 260 3546 &fluenda
282 3498 312 3545 ct
332 3487 437 3559 mollia,
471 3487 582 3563 glabra,
612 3488 656 3545 rel
686 3485 781 3544 subtus
806 3486 955 3565 praecipue
982 3485 1173 3565 pubescentia,

106 3573 228 3642 sericea,
258 3583 424 3641 tomentosu,
454 3570 590 3650 glandulis
612 3572 790 3630 subcutaneis
822 3570 994 3648 puuctulata,
1023 3571 1051 3629 iu
1079 3570 1176 3649 paucis

106 3657 259 3717 asinabus
272 3656 377 3738 aliquot
392 3657 532 3735 glandulis
555 3676 623 3734 poro
644 3657 763 3735 pertusis
786 3659 813 3714 iu
835 3655 929 3714 axillis
950 3673 1089 3714 ramorum
1105 3653 1175 3712 retia

105 3738 300 3823 principalium
328 3744 476 3814 instructa,
507 3740 593 3801 nitida
615 3742 660 3800 vel
681 3760 787 3820 opaca,
824 3740 919 3798 subtus
945 3757 1030 3819 saepe
1062 3739 1173 3818 glauca,

107 3829 299 3906 penninervia,
321 3829 370 3887 rel
391 3828 585 3908 palminervia,
609 3827 666 3901 vol,
690 3845 761 3906 quae
777 3826 900 3905 utrisque
922 3821 1097 3883 intercedunt
1118 3840 1175 3882 me·

108 3912 163 3987 iia,
186 3914 373 3994 triplinervia,
396 3913 514 3975 reticulo
536 3915 683 3972 interiecto
706 3912 800 3989 magis·
817 3912 940 3969 minusve
962 3906 1103 3979 distincto,
1127 3927 1176 3967 re·

108 4000 177 4058 aalis
199 4017 287 4077 saepe
310 4000 433 4058 arcuatis
454 3998 660 4078 subparallolis.
710 3994 866 4075 llispositio
895 3995 1024 4054 loliorum
1053 3995 1174 4067 alterna,

107 4082 142 4143 al
166 4083 372 4162 direngeutiam
392 4078 455 4168 ss,
478 4095 507 4145 ut
529 4080 736 4143 Alexandri
763 4080 918 4140 llraunii
938 4076 1072 4160 verbist)
1099 4091 1173 4151 anter,

173 4266 197 4331 ⁴)
215 4263 309 4318 ttae«
325 4267 370 4318 die
380 4264 506 4335 setta-3
517 4267 564 4317 dee
576 4265 719 4334 Sebappea
735 4280 769 4320 au
786 4264 838 4315 den
855 4261 1059 4333 Taunanaaplea
1071 4260 1174 4315 iaNov.

107 4354 164 4405 Aet.
185 4350 272 4405 acar.
294 4347 371 4404 Caes.
391 4351 449 4405 Nat.
468 4350 532 4402 Cur.
551 4350 612 4402 Vol.
629 4346 686 4400 XV.
707 4348 738 4400 Ρ.
759 4347 783 4398 l.
810 4365 836 4417 p.
852 4342 922 4400 bib·
941 4363 1001 4419 sqq.
1020 4350 1047 4399 et
1064 4363 1090 4416 p
1107 4341 1174 4397 208.
